4770 5932
1138 343 1341 462 jo-

363 559 518 628 iacentum
569 555 791 628 Friedlccnder
821 557 920 627 head.
944 557 1019 626 Alb.
1042 557 1121 647 Reg.
1153 557 1308 626 187811:
1346 557 1455 646 „Lege
1486 580 1514 625 v.
1541 559 1582 624 15
1611 559 1785 646 edentem,
1815 555 1902 644 quod
1932 561 1984 624 est
2014 558 2047 624 in
2077 553 2126 624 ed.

362 670 510 735 Romana
540 675 574 734 et
603 670 638 736 in
668 669 833 735 Puteaneo
864 667 952 756 (X).“
996 668 1154 734 Poterant
1185 666 1259 732 addi
1288 667 1318 730 A
1347 671 1381 732 et
1408 690 1454 751 pr.
1475 665 1516 752 B,
1554 667 1589 732 in
1621 666 1738 753 quibus
1770 671 1820 731 est
1854 667 1934 748 fuya
1968 667 2126 746 sedentem.

326 813 335 834 ι
364 775 503 842 Causam
523 799 594 842 eam
613 776 763 862 adiungit
780 777 831 841 vir
854 798 1014 860 summus,
1038 775 1123 860 quod
1148 779 1322 861 „cenantes
1346 796 1411 838 non
1435 773 1549 839 sedent
1574 775 1629 838 sed
1653 771 1801 839 cubant.“
1847 771 1912 839 Sed
1934 773 2124 859 priusquam

363 907 475 950 omnes
499 883 738 968 convenissent,
763 883 913 948 videntur
936 883 1071 948 sedisse:
1095 880 1192 967 VIII,
1206 881 1297 965 67‚6
1317 879 1480 946 Martialis
1501 879 1580 946 dicit
1598 882 1768 966 convinne,
1793 881 1848 966 qni
1868 901 1945 946 sans
1965 881 2125 946 maturius

363 991 453 1056 venit
475 991 569 1057 lectis
593 991 734 1056 nondum
759 990 886 1056 stratis:
917 989 1202 1073 caecilianensis.
1238 987 1328 1073 Ergo
1351 989 1531 1054 sedentem
1554 988 1749 1054 servandum
1772 993 1911 1053 estnon
1930 989 2028 1054 modo
2048 989 2125 1072 quia
2156 1015 2157 1018 ¹

364 1099 489 1163 duabus
519 1097 679 1164 librorum
708 1097 843 1163 familiis
873 1096 1133 1182 commendatur,
1163 1096 1219 1162 sed
1250 1096 1349 1161 etiam
1379 1100 1514 1180 propter
1543 1096 1744 1182 praeclaram
1777 1095 2019 1181 gradationem,
2042 1116 2125 1180 quae

357 1205 503 1272 efficitur
525 1205 704 1291 participiis
727 1209 860 1290 cunum,
883 1205 1044 1287 scdentern,
1067 1206 1223 1268 iacentem.

524 1349 553 1413 6.
575 1348 636 1423 IX,
652 1348 699 1420 4⁷,
714 1348 746 1410 t:
790 1348 852 1413 Sed
879 1347 960 1430 qnod
987 1351 1016 1410 et
1047 1347 1188 1412 hircosus
1209 1367 1329 1412 serrem
1363 1351 1416 1410 est
1444 1351 1473 1410 et
1501 1351 1588 1429 turpe
1611 1347 1733 1429 pilosis.
1788 1345 2010 1412 Friedlaender
2041 1344 2063 1410 l.
2086 1365 2125 1409 e.:

362 1454 548 1542 „quomodo
571 1455 605 1520 in
628 1460 756 1520 textum
778 1454 904 1520 venerit
926 1475 1029 1519 sermm
1051 1458 1107 1537 est,
1131 1454 1216 1539 quod
1240 1475 1370 1518 sensum
1393 1475 1459 1518 non
1482 1453 1602 1518 habere
1622 1456 1770 1539 apparet,
1794 1453 1943 1537 quamvis
1964 1452 2124 1537 explicare

363 1583 536 1647 nequeam,
566 1563 619 1626 vix
650 1562 764 1628 dubito
788 1563 867 1647 quin
881 1573 929 1626 'ex
954 1559 979 1626 (l
1003 1559 1239 1625 restituendum
1263 1561 1307 1624 sit
1335 1566 1440 1643 turpe
1462 1565 1521 1624 est.
1567 1580 1669 1625 sermm
1691 1565 1785 1624 estet
1807 1560 1966 1624 omittunt
1989 1555 2124 1644 XA“.¹⁴)

364 1669 415 1734 Eo
437 1669 522 1755 ipso,
546 1670 631 1754 quod
653 1690 755 1734 serum
773 1674 862 1734 estet
879 1667 946 1733 ΧΑ
963 1668 1136 1752 omittunt,
1154 1667 1250 1732 facile
1268 1666 1487 1751 intellegitur,
1504 1667 1539 1730 in
1559 1664 1598 1752 G,
1618 1667 1673 1751 qui
1693 1665 1777 1731 liber
1794 1666 1887 1731 foede
1906 1666 2124 1751 interpolatus

365 1779 429 1860 est,
459 1780 545 1859 turpe
567 1781 612 1840 cst
639 1781 667 1841 et
692 1775 862 1841 librarium
886 1797 925 1840 ex
949 1797 1008 1839 suo
1032 1774 1162 1860 ingenio
1187 1774 1283 1839 metri
1306 1795 1403 1839 causa
1427 1772 1599 1838 addidisse.
1646 1772 1783 1858 Legitur
1806 1777 1916 1840 autem
1938 1795 2004 1840 non
2028 1772 2123 1837 modo

365 1883 399 1948 in
428 1878 557 1966 uPpQ
587 1903 689 1947 sermm
718 1888 763 1948 est
790 1889 830 1968 et,
853 1882 909 1948 sed
940 1881 1040 1946 etiam
1069 1881 1105 1947 in
1134 1903 1198 1946 uno
1229 1881 1373 1946 familiae
1405 1877 1450 1947 O·
1474 1877 1545 1967 (G),
1577 1881 1630 1965 qui
1661 1882 1733 1944 sola
1756 1881 1855 1945 verba
1878 1885 1968 1945 estet
1990 1879 2124 1964 omittit,

363 2009 474 2055 serum.
498 2025 542 2037 -
564 1989 675 2054 Serum
697 1994 742 2054 est
763 1989 927 2076 significat
950 2011 1006 2074 „es
1030 1988 1074 2053 iet
1094 1992 1271 2072 versptttet,
1296 1988 1367 2053 fieri
1385 2009 1450 2052 non
1473 1989 1539 2051 ism
1559 1991 1683 2071 potest,
1706 1987 1855 2052 uoniam
1879 1985 1992 2072 licet“;
2015 1987 2123 2072 pneris

366 2098 467 2183 enim,
496 2097 553 2182 qui
582 2096 666 2162 tales
697 2119 768 2162 esse
792 2097 934 2162 nondum
959 2099 1111 2181 possunt,
1134 2093 1278 2180 oppositi
1302 2098 1378 2160 sunt
1401 2098 1435 2159 et
1457 2094 1577 2160 hircosi
1602 2099 1635 2159 et
1657 2093 1769 2179 pilosi,
1793 2075 1857 2160 etsi
1880 2115 1945 2160 non
1969 2115 2082 2158 omnes
2106 2115 2123 2156 e
2206 2095 2209 2102 '

364 2205 473 2290 pueris
497 2225 647 2290 egressos
669 2203 815 2269 hircosos
840 2208 873 2269 et
891 2203 1014 2288 pilosos
1040 2223 1110 2266 esee
1133 2223 1264 2267 necesse
1288 2206 1347 2267 est.
1393 2201 1562 2266 Sententia
1581 2201 1684 2285 igitur
1703 2205 1766 2266 est:
1795 2202 1877 2282 quod
1893 2201 2033 2286 hircosis,
2056 2223 2124 2265 cunr

366 2313 455 2378 liceat
477 2313 632 2396 puerulis,
662 2331 726 2376 non
754 2312 820 2376 ium
850 2310 929 2395 licet,
953 2309 1066 2394 pilosis
1095 2329 1163 2374 uero
1193 2313 1236 2374 est
1266 2313 1359 2391 tempe.
1405 2308 1529 2374 Idcirco
1554 2313 1664 2372 autem
1686 2307 1824 2373 hircosis
1848 2331 1913 2373 non
1937 2313 2005 2372 tam
2028 2313 2123 2392 turpe

366 2441 464 2504 quam
488 2441 595 2485 serum
619 2440 690 2484 esse
714 2417 845 2503 dicitur,
870 2416 955 2502 quod
979 2416 1029 2480 illi
1053 2415 1093 2479 ab
1118 2415 1269 2481 omnibus
1292 2415 1512 2499 repudiantur.

527 2563 555 2626 I.
579 2561 625 2627 Ut
648 2559 876 2626 Friedlaender
906 2557 1033 2644 IX,4I,
1047 2556 1080 2642 5,
1104 2557 1152 2622 ita
1182 2555 1443 2622 Schneidewinus
1467 2557 1535 2634 111,
1557 2557 1643 2630 9ὄ,4
1669 2556 1922 2642 interpolatione
1953 2558 2072 2623 codicis
2098 2557 2122 2623 0

367 2671 520 2754 deceptus
551 2672 616 2755 est,
645 2668 735 2733 cuius
765 2666 919 2732 librarius
954 2664 1070 2729 vitium
1102 2663 1136 2728 in
1167 2662 1233 2728 ΧΑ
1265 2670 1430 2730 servatum
1464 2669 1660 2731 correxerat:
1700 2663 1787 2727 Nam
1813 2671 1891 2748 puto
1923 2687 1976 2729 nre
2006 2666 2122 2748 emlior,

367 2773 514 2863 Naeuole,
536 2796 589 2841 nec
612 2777 704 2858 prior
725 2795 764 2840 cs.
810 2773 864 2840 Sic
887 2771 912 2838 Ο
937 2776 1065 2837 secutus
1097 2770 1374 2857 Schneidewinus,
1402 2771 1576 2858 negatione
1606 2771 1639 2835 in
1669 2770 1776 2856 priore
1806 2773 2003 2856 pentametri
2030 2777 2123 2856 parte

366 2883 486 2948 vitiose
510 2883 644 2967 omissa,
677 2882 774 2966 longe
797 2881 883 2946 enim
907 2879 1014 2944 aliena
1042 2882 1133 2962 sunt,
1157 2899 1238 2963 quae
1261 2876 1409 2964 111‚8‚2
1434 2885 1467 2944 et
1488 2877 1552 2964 III,
1567 2879 1655 2962 2Ι,4
1677 2879 1833 2962 leguntur
1855 2877 1980 2960 (Unum
2003 2879 2124 2942 metum

324 3051 326 3060 Α
369 2989 466 3056 Thais
493 3011 565 3054 non
591 2990 708 3073 tabet,
737 2989 790 3054 ille
812 2989 895 3052 diros.
940 2987 986 3051 Et
1013 2985 1092 3050 miti
1120 3005 1171 3049 eor
1197 3005 1268 3050 non
1297 2991 1351 3051 est
1378 2991 1406 3050 et
1435 2987 1502 3070 tibi,
1527 2985 1629 3069 Galle,
1654 2986 1784 3068 pudor),
1815 2985 1871 3048 ubi
1895 3007 1968 3048 cum
1990 2984 2122 3069 negatio

367 3103 437 3162 arte
461 3119 534 3163 cum
564 3096 672 3162 verbis
702 3095 790 3160 tuoe
819 3099 852 3160 et
880 3099 925 3160 est
954 3093 1184 3176 coniungatur,
1214 3093 1249 3156 in
1272 3093 1377 3159 altera
1400 3115 1512 3159 versus
1537 3099 1629 3178 parte
1651 3114 1717 3157 non
1739 3091 1840 3176 lebet,
1863 3092 1919 3156 sed
1942 3113 2005 3156 non
2027 3090 2122 3174 tabet,

367 3227 434 3270 non
455 3209 510 3287 est,
534 3203 590 3268 sed
612 3225 675 3269 non
697 3207 741 3268 cst
762 3202 941 3287 suppletur.
959 3235 999 3247 -
1022 3199 1234 3266 Scribendum
1258 3205 1308 3264 est
1331 3222 1403 3264 cum
1429 3199 1587 3265 Scriverio
1608 3221 1671 3264 nee
1693 3199 1813 3283 nrelior,
1837 3198 1922 3283 quod
1942 3221 2006 3264 non
2027 3198 2122 3263 modo

367 3312 403 3377 in
425 3309 452 3376 T
476 3317 509 3376 et
531 3309 557 3374 P
580 3314 700 3394 exstat,
722 3309 793 3395 sed,
817 3307 860 3373 ‘ut
889 3307 1030 3393 videtur,
1060 3307 1093 3372 in
1123 3306 1227 3390 ipsius
1257 3305 1402 3373 familiae
1433 3305 1478 3372 Ο·
1500 3306 1594 3370 libris
1623 3305 1651 3370 B
1682 3311 1715 3371 et
1739 3305 1776 3370 G.
1833 3305 1899 3369 XA
1928 3304 2052 3370 habent
2081 3327 2124 3368 ne

368 3420 487 3504 melior,
518 3417 639 3482 omissa
661 3439 677 3482 c
698 3416 824 3501 littera3
853 3415 1003 3500 idemque
1033 3413 1203 3478 librarium
1233 3414 1352 3479 codicis
1378 3411 1402 3480 Ο
1432 3414 1468 3477 in
1497 3413 1673 3497 archetypo
1698 3413 1831 3496 legisse,
1855 3412 1911 3476 sed
1935 3435 1994 3477 suo
2017 3411 2123 3477 Marte

369 3526 546 3592 correxisse
569 3524 651 3590 mihi
674 3527 798 3589 certum
822 3520 921 3608 est.¹⁶)

528 3667 569 3733 II.
592 3666 659 3734 Ubi
681 3666 758 3731 libri
779 3665 922 3730 familiae
944 3667 971 3730 A
996 3687 1054 3730 nos
1079 3663 1243 3745 deliciunt,
1267 3684 1331 3726 non
1350 3661 1489 3727 multum
1514 3660 1721 3725 tribuendum
1744 3665 1794 3724 est
1817 3657 1956 3744 singulis
1980 3659 2123 3724 familiae

371 3775 416 3843 C·
437 3775 614 3860 codicibus,
642 3774 670 3838 si
699 3773 799 3840 ceteri
823 3772 967 3837 eiusdem
990 3771 1136 3836 familiae
1160 3770 1309 3853 eandam,
1333 3791 1429 3853 quam
1453 3768 1580 3833 familia
1602 3766 1643 3852 B,
1667 3767 1838 3833 lectionem
1862 3766 1993 3832 habent.
2037 3765 2123 3831 Nam

371 3907 442 3949 cum
466 3903 594 3968 semper
616 3880 683 3946 fere
707 3879 758 3944 illi
781 3877 999 3966 (maximeque
1022 3875 1137 3964 XAB)
1163 3877 1197 3941 in
1219 3875 1300 3961 ipsis
1329 3875 1419 3940 vitiis
1449 3861 1892 3960 consentiant'ffichneidew.
1910 3897 1940 3958 p.
1961 3871 2124 3966 CXVIII),

369 3991 433 4056 nisi
453 3990 538 4074 quod
556 3989 591 4053 in
610 3985 635 4052 O
659 3987 777 4052 menda
799 3985 969 4070 archetypi
987 3989 1131 4050 correcta
1150 3988 1227 4048 sunt
1245 3983 1341 4068 idque
1360 4005 1434 4047 raro
1453 3983 1494 4046 ad
1514 3982 1697 4066 exemplum
1716 3980 1800 4045 alius
1820 3979 1911 4064 libri,
1934 3981 2123 4065 saepissime

371 4103 480 4163 autem
504 4094 552 4181 (et
575 4094 621 4159 sic
643 4114 887 4178 nonnumquam
911 4093 1010 4158 etiam
1034 4091 1068 4156 in
1091 4089 1134 4176 B)
1158 4113 1285 4155 summa
1308 4089 1500 4156 emendandi
1527 4089 1660 4154 licentia
1684 4085 1894 4173 (Schneidew.
1914 4109 1944 4171 p.
1962 4085 2125 4172 LXXIV),

371 4203 514 4292 dubitari
543 4224 608 4267 non
639 4205 762 4286 potest,
792 4201 882 4284 quin,
912 4221 995 4285 quae
1026 4198 1210 4263 communia
1240 4202 1315 4262 sunt
1345 4203 1378 4262 et
1407 4196 1553 4262 familiae
1583 4194 1610 4259 B
1641 4199 1674 4259 et
1702 4193 1807 4280 partis
1836 4192 1981 4259 familiae
2010 4193 2063 4278 0⁸,
2091 4195 2124 4258 in

371 4311 548 4394 archetypo
572 4309 672 4374 etiam
695 4306 838 4372 familiae
862 4303 908 4372 O·
930 4305 1058 4370 fuerint.
1103 4304 1288 4370 Recensebo
1313 4327 1397 4370 nunc
1420 4326 1475 4369 eos
1498 4303 1601 4387 locos,
1624 4303 1680 4366 ubi
1701 4300 1785 4366 male
1810 4299 2125 4366 Schneidewinue

372 4440 485 4484 unum
515 4435 706 4501 paucosve
735 4413 910 4478 familiae
940 4411 986 4478 C·
1013 4411 1164 4477 codices
1194 4416 1350 4477 secutus
1381 4418 1447 4477 est.

535 4562 561 4624 1.
584 4557 773 4640 xn,a,13:
801 4557 888 4621 Fons
911 4555 955 4620 ihi
979 4551 1135 4620 Castalius
1155 4557 1249 4620 uitreo
1272 4559 1402 4618 torrente
1424 4560 1609 4636 superbus.
1645 4551 1823 4634 superbus
1845 4547 1917 4616 XO.
1947 4551 2126 4634 superbit,

372 4666 457 4752 quod
481 4669 567 4731 recte
591 4663 769 4730 Scriverius
793 4662 928 4748 recepit,
950 4684 1016 4728 non
1034 4663 1130 4727 modo
1151 4659 1190 4746 P,
1213 4662 1387 4727 sedetiam
1411 4661 1514 4746 ipsius
1533 4659 1677 4723 familiae
1698 4656 1742 4722 C·
1762 4656 1836 4721 libri
1856 4655 1928 4721 BV.
1960 4658 2126 4740 superbis

534 4909 796 4982 sutrinensem
822 4909 852 4964 in
871 4908 985 4964 Wiener
1004 4907 1121 4962 Studien
1140 4907 1164 4975 I,
1191 4925 1274 4976 quem
1293 4905 1396 4960 librum
1415 4923 1468 4976 ego
1487 4923 1543 4959 non
1562 4903 1633 4970 vidi,
1654 4901 1775 4958 coniecit
1798 4909 1940 4958 taetrum
1959 4919 2009 4972 pro
2028 4901 2124 4957 serum.

534 5005 577 5068 15)
596 4999 689 5054 Etiam
702 5001 748 5071 X,
763 5001 844 5072 10,a
863 4997 928 5052 inc
947 4999 1012 5052 isac
1031 4999 1189 5051 correctura
1208 5013 1268 5050 esse
1284 4993 1343 5048 eins
1358 4994 1481 5061 videtur,
1501 4995 1576 5062 quod
1595 4993 1624 5046 in
1643 4993 1698 5045 ΧΑ
1713 4991 1831 5061 legitur:
1851 4994 1921 5046 iste.
1951 4991 2056 5046 Tamen
2070 5008 2126 5046 non

373 5090 491 5157 suadeo,
510 5091 542 5144 ut
560 5106 623 5143 oum
637 5089 688 5162 Pp
708 5089 742 5157 (Τ
758 5103 812 5142 non
831 5088 919 5142 habet
936 5086 973 5154 X,
991 5089 1034 5154 10)
1056 5088 1084 5141 ct
1103 5085 1243 5140 Scriverio
1261 5087 1310 5139 ire
1329 5083 1518 5138 exhibeamus.
1555 5081 1626 5135 Nem
1642 5081 1740 5135 dubito
1756 5097 1791 5135 an
1809 5083 1859 5135 iste
1872 5085 1953 5134 vetus
1968 5079 2127 5150 corruptela

373 5178 519 5250 archetypi
537 5179 660 5233 omnium
678 5177 814 5232 librorum
833 5175 870 5229 sit
887 5181 949 5246 (pro
968 5177 1041 5246 isse),
1060 5175 1091 5228 in
1109 5173 1163 5227 ΧΑ
1182 5177 1305 5240 servata,
1323 5172 1353 5226 in
1372 5170 1392 5227 0
1412 5175 1442 5228 et
1460 5169 1603 5225 codicibus
1623 5169 1747 5224 familiae
1767 5171 1789 5223 B
1808 5169 1884 5226 varie
1904 5169 2023 5224 sublata.
