4770 5932
1157 391 1180 462 5

287 595 337 684 (in
365 598 507 664 editione
536 597 583 685 ΙΙ)
613 604 845 686 separaverunt
877 623 897 664 a
927 600 987 686 IX,
1005 601 1062 685 95,
1095 602 1227 666 mallem
1256 601 1428 668 eiecissent
1455 602 1517 666 viri
1544 603 1632 668 dooti
1668 607 1705 667 ut
1729 602 1919 668 manifestas
1950 603 2048 669 inter-

288 705 447 791 polatoris
470 706 626 792 ineptias:
1086 702 1088 706 ’

549 844 685 916 ‘Nomen
704 846 942 936 Athenoporoe’,
960 855 1095 938 quomis,
1116 851 1304 928 Callistrato,
1327 847 1481 918 ‘nannet'
1517 851 1579 940 (sic
1601 855 1799 938 interpungo
1822 857 1957 939 propter
1974 877 2003 919 v.
2014 851 2048 942 5)

662 957 699 1022 Si
720 960 797 1044 seco,
820 961 1003 1044 dispeream,
1026 961 1102 1043 qnid
1124 955 1185 1046 (sic
1208 957 1281 1044 ΤΒ,
1304 982 1368 1025 non
1393 959 1475 1050 quis)
1499 963 1541 1026 sit
1563 958 1786 1042 Athcnuporns.

503 1065 532 1129 5.
555 1063 617 1130 Sed
632 1071 713 1148 puto
735 1087 782 1130 rne
804 1088 923 1152 rernm,
948 1066 1138 1151 Callistrato,
1160 1067 1257 1132 dicere
1279 1089 1403 1133 nornen:

663 1173 737 1238 Non
760 1195 824 1259 epo,
847 1175 901 1238 scd
921 1179 1014 1238 vester
1030 1179 1136 1257 peccat
1158 1172 1382 1258 Atlrcnoporos.

290 1311 462 1379 Praeterea
486 1336 500 1378 s
507 1316 638 1400 purios
663 1322 756 1402 puto
779 1339 891 1382 versus
914 1318 934 1379 5
957 1322 984 1382 et
1007 1318 1026 1378 6
1050 1317 1297 1402 epigrammatis
1321 1319 1356 1388 V,
1372 1319 1427 1380 50:

717 1459 797 1526 Ocno
819 1461 903 1526 domi
924 1461 1074 1545 quotiens,
1096 1461 1159 1525 nisi
1182 1465 1220 1545 te,
1246 1456 1431 1547 Olearopinc,
1453 1462 1569 1546 comni,

822 1567 971 1632 Protinus
994 1570 1127 1651 ingentes
1149 1573 1222 1633 arnt
1243 1569 1438 1653 inimicitiae,

717 1675 828 1758 Meque
850 1662 924 1740 vilis
945 1676 1049 1740 stricto
1072 1677 1206 1740 medinm
1229 1677 1407 1760 nnnsfiperc
1427 1675 1525 1760 ferro,

824 1781 861 1846 Si
883 1787 1023 1847 nostrnrn
1044 1784 1112 1847 sinc
1136 1787 1163 1846 te
1183 1783 1243 1847 seis
1265 1781 1395 1846 attense
1415 1782 1528 1863 sonem.

664 1889 694 1954 5.
718 1888 782 1954 Nec
803 1890 895 1955 semet
917 1911 986 1972 erpo
1008 1889 1086 1954 milri
1106 1889 1228 1971 scortona
1248 1888 1356 1970 secisse
1378 1889 1498 1954 licebit?

823 1996 1000 2080 Improbins
1022 1996 1102 2062 ann
1124 2001 1168 2061 esc
1189 1997 1258 2082 troc,
1282 1993 1469 2082 Charopine,
1488 1997 1574 2080 palo.

716 2103 831 2169 Desine
853 2106 919 2170 ianr
941 2109 1093 2190 nostram,
1110 2126 1231 2190 precor,
1254 2086 1411 2170 observare
1432 2104 1570 2170 antinum

823 2213 925 2294 Atqne
947 2213 1115 2294 aliqnando
1138 2230 1222 2276 mars
1244 2214 1293 2276 det
1316 2213 1370 2276 tciri
1391 2213 1481 2277 verbo
1499 2233 1585 2277 cocta
1608 2210 1706 2299 (soom
1728 2211 1765 2279 Τ.
1784 2207 1904 2299 Schn).

292 2352 377 2418 Nam
396 2352 558 2419 Martialis
578 2375 650 2418 cum
669 2376 765 2419 versu
784 2355 806 2418 4
824 2353 968 2438 (minisse
985 2355 1122 2438 socom)
1141 2356 1206 2420 iam
1226 2356 1372 2442 proxime
1391 2355 1582 2421 accessisset
1598 2355 1638 2420 ad
1653 2377 1788 2421 acumen
1803 2353 2049 2440 epigrammatis

293 2457 337 2546 (7.
360 2461 462 2525 desine
484 2461 640 2526 observare
670 2461 844 2526 cntinanc.
866 2487 895 2528 v.
914 2463 943 2527 8.
967 2463 1016 2527 det
1039 2463 1093 2526 tiln'
1115 2463 1205 2527 certo
1234 2461 1367 2547 cocus),
1396 2483 1462 2528 non
1480 2466 1610 2546 poterat
1628 2485 1724 2528 versu
1743 2464 1764 2527 5
1784 2461 1826 2528 ad
1859 2484 1898 2527 se
1924 2461 2049 2546 ipsum

292 2569 396 2633 redire
419 2565 528 2650 (milri
549 2568 671 2649 fnrtnm
690 2568 798 2650 secisse
821 2569 946 2654 licebit),
970 2568 1034 2634 nisi
1058 2571 1163 2635 malus
1188 2573 1260 2636 erat
1281 2576 1387 2656 poeta.

453 2671 560 2740 Simili
592 2677 672 2741 vitio
705 2677 834 2741 laborat
867 2676 1068 2762 epigramma
1100 2681 1197 2757 Speet.
1213 2677 1263 2748 12,
1295 2677 1352 2742 ubi
1384 2677 1481 2743 tertio
1514 2676 1667 2762 disticho,
1700 2677 1729 2740 si
1761 2675 1847 2740 inter
1879 2673 1988 2759 priora
2016 2680 2050 2739 et

293 2788 445 2870 quartum
462 2783 695 2869 interponitur,
714 2783 799 2848 male
818 2782 962 2850 deflectis
980 2788 1079 2868 poeta
1093 2784 1134 2848 ab
1149 2805 1201 2869 eo,
1216 2807 1279 2870 quo
1294 2785 1412 2851 tendit:
1436 2807 1539 2868 neque
1553 2790 1664 2848 tamen
1678 2783 1784 2848 deleto
1799 2783 1857 2847 illo
1873 2781 2048 2866 quidquam

293 2892 488 2976 proficimus.
538 2889 670 2977 Optime
700 2912 775 2956 vero
811 2891 921 2955 omnis
955 2891 1147 2976 procedunt,
1178 2892 1206 2956 si
1230 2896 1412 2976 quartum
1436 2891 1633 2957 distichon
1656 2889 1894 2974 seiungitur,
1916 2892 1958 2953 ut
1982 2893 2049 2954 aut

293 2998 487 3084 integrum
511 2999 749 3085 epigramma
771 3002 838 3063 aut
859 2998 1020 3063 initium
1052 2999 1295 3084 insequentis
1327 2998 1392 3064 sit:

611 3139 685 3207 XII.
722 3125 822 3208 Inter
845 3139 1011 3208 Goaarcae
1032 3143 1215 3208 discrimina
1236 3161 1326 3208 sceva
1349 3141 1487 3228 Dianae,

824 3250 963 3316 Finrsset
981 3251 1146 3333 providam
1168 3271 1237 3315 enrn
1260 3250 1331 3314 teris
1353 3249 1442 3315 truste
1464 3270 1561 3333 anm,

718 3357 844 3422 Enitnit
858 3363 972 3440 portas
994 3360 1123 3424 misnae
1144 3359 1181 3422 de
1201 3357 1325 3422 onlnem
1345 3359 1465 3422 matris.

828 3462 854 3529 Ο
876 3465 999 3530 benno
1018 3467 1121 3546 feror,
1143 3465 1197 3538 hoe
1213 3465 1366 3548 peperisse
1386 3463 1471 3544 fnit?

719 3570 870 3638 Plnribns
891 3573 949 3638 illa
971 3575 1052 3638 mori
1074 3575 1214 3638 uoluisset
1235 3573 1343 3638 sancio
1366 3573 1445 3657 telis,

828 3676 976 3744 Omnibus
998 3685 1034 3744 nt
1054 3681 1138 3746 natis
1161 3681 1246 3744 triste
1262 3683 1381 3764 pateret
1404 3680 1469 3743 iter.

722 3771 818 3872 Quis
841 3792 931 3869 neprd
953 3808 1015 3852 esse
1036 3790 1138 3852 solnm
1160 3791 1299 3851 materno
1319 3787 1428 3868 scenae
1450 3781 1631 3850 Bacchum?

826 3891 880 3958 Sic
898 3896 1038 3977 penitam
1060 3914 1174 3958 nrrrnen
1197 3896 1322 3960 credite:
1351 3898 1428 3958 nater
1448 3893 1517 3973 fero
1539 3895 1598 3957 est:

597 3998 687 4066 XIII.
723 3999 793 4066 Icto
812 4002 904 4083 proed
927 4001 982 4066 telo
1005 4001 1201 4084 confossoque
1222 4003 1345 4066 calnae
1366 4005 1464 4066 mater

826 4107 888 4174 Sns
904 4112 1027 4191 pariter
1048 4111 1144 4173 citone
1161 4110 1300 4191 perdidit
1321 4113 1410 4190 atqne
1432 4109 1521 4173 dedit.

723 4212 749 4278 O
771 4236 865 4297 qnam
887 4222 969 4281 certa
988 4215 1053 4296 fnit
1075 4216 1184 4281 trlrrato
1206 4218 1330 4281 dextera
1350 4213 1452 4296 ferro!

828 4323 923 4388 Hane
945 4344 996 4406 epo
1019 4323 1156 4388 Lucinae
1178 4324 1264 4388 medo
1283 4322 1381 4404 fnisse
1403 4343 1539 4387 manne.

722 4429 863 4514 Enpe‘rto
885 4436 928 4496 est
950 4452 1064 4495 numen
1085 4431 1219 4496 moriens
1241 4432 1399 4512 ntrr'nsqne
1420 4428 1560 4513 Dianae,

829 4537 955 4620 Quaqnc
976 4539 1076 4604 solnta
1092 4559 1209 4622 parcns
1232 4559 1349 4622 quoqne
1364 4542 1522 4622 perempta
1542 4537 1613 4618 sero
1634 4541 1685 4600 est

298 4677 420 4744 Versus
453 4679 545 4742 1-6
576 4678 707 4763 plenum
740 4701 777 4744 ao
806 4680 985 4764 perfectum
1015 4681 1140 4747 efficere
1171 4703 1313 4766 carmen,
1342 4681 1437 4746 facile
1467 4679 1635 4764 concedes,
1658 4680 1686 4743 si
1709 4679 1912 4764 perspexeris
1935 4701 2047 4743 versus

298 4786 318 4850 5
347 4789 380 4850 et
410 4787 429 4850 6
460 4785 580 4870 opponi
611 4785 717 4851 versui
747 4788 781 4871 4,
812 4809 1008 4874 quamquam
1039 4794 1139 4853 tomen
1169 4789 1329 4873 particula
1359 4789 1480 4854 omissa
1508 4792 1567 4854 est.
1610 4785 1733 4851 Versus
1765 4787 1782 4849 7
1814 4790 1847 4850 et
1871 4787 1890 4850 8
1918 4786 1946 4850 si
1975 4787 2047 4870 quis

297 4892 462 4977 integrum
486 4891 687 4977 epigramma
710 4915 781 4959 esse
805 4898 943 4981 statuat,
967 4917 1032 4960 non
1055 4917 1212 4982 repugno,
1237 4896 1305 4980 sed,
1335 4895 1410 4981 quia
1432 4895 1577 4960 narratio
1605 4894 1652 4960 sio
1680 4894 1784 4978 deest,
1811 4892 1938 4978 dubito,
1970 4915 2047 4958 num

298 5001 393 5064 multi
416 4999 586 5085 probaturi
610 4980 686 5067 sint
730 5001 846 5086 Itaque
869 5002 940 5085 ipse
970 5024 1051 5068 cum
1082 5003 1377 5088 insequentibus
1409 5004 1608 5086 coniungo.
1653 5000 1858 5066 Praeclarum
1881 5021 1958 5064 vero
1982 5000 2048 5086 epi-

298 5129 446 5192 gramma
476 5129 546 5173 esse
576 5112 731 5191 quattuor
760 5114 926 5194 postrema
955 5109 1108 5190 disticha,
1137 5111 1171 5175 in
1201 5132 1265 5195 quo
1296 5115 1392 5194 poeta
1420 5109 1572 5174 similiter
1595 5131 1614 5173 a
1637 5108 1758 5173 fabulis
1782 5106 1928 5172 ordiatur
1950 5111 2048 5192 atque

297 5213 362 5300 III,
377 5215 437 5300 45,
459 5237 523 5279 non
548 5221 598 5279 est
621 5215 706 5300 quod
730 5216 961 5282 demonstrem:
990 5218 1046 5282 sed
1070 5239 1134 5303 quo
1157 5217 1286 5282 facilius
1306 5217 1496 5313 sentiretur,
1518 5221 1594 5302 post
1612 5217 1710 5282 verba
1728 5221 1804 5281 nota
1825 5215 1895 5296 fera
1921 5223 2050 5280 estnon
