<?xml version="1.0" encoding="UTF-8"?>
<!DOCTYPE html PUBLIC "-//W3C//DTD XHTML 1.0 Transitional//EN"
    "http://www.w3.org/TR/xhtml1/DTD/xhtml1-transitional.dtd">
<html xmlns="http://www.w3.org/1999/xhtml" xml:lang="en" lang="en">
 <head>
  <title>
</title>
<meta http-equiv="Content-Type" content="text/html;charset=utf-8" />
  <meta name='ocr-system' content='tesseract 3.04.00' />
  <meta name='ocr-capabilities' content='ocr_page ocr_carea ocr_par ocr_line ocrx_word'/>
</head>
<body>
  <div class='ocr_page' id='page_1' title='image "admartialemquae01gilbgoog_0024.png"; bbox 0 0 4770 5932; ppageno 0'>
   <div class='ocr_carea' id='block_1_1' title="bbox 1114 299 1472 432">
    <p class='ocr_par' dir='ltr' id='par_1_1' title="bbox 1114 299 1472 432">
     <span class='ocr_line' id='line_1_1' title="bbox 1114 299 1472 432; baseline 0.011 -19"><span class='ocrx_word' id='word_1_1' title='bbox 1114 299 1472 432; x_wconf 50' lang='lat' dir='ltr'><strong>nf&#39;</strong></span> 
     </span>
    </p>
   </div>
   <div class='ocr_carea' id='block_1_2' title="bbox 243 551 2018 5242">
    <p class='ocr_par' dir='ltr' id='par_1_2' title="bbox 243 551 2018 2878">
     <span class='ocr_line' id='line_1_2' title="bbox 256 551 2016 640; baseline 0.002 -24"><span class='ocrx_word' id='word_1_2' title='bbox 256 552 379 618; x_wconf 81' lang='lat' dir='ltr'>crimen</span> <span class='ocrx_word' id='word_1_3' title='bbox 393 555 531 638; x_wconf 79' lang='lat' dir='ltr'><strong>vertam,</strong></span> <span class='ocrx_word' id='word_1_4' title='bbox 559 554 645 640; x_wconf 89' lang='lat' dir='ltr'><strong>quod</strong></span> <span class='ocrx_word' id='word_1_5' title='bbox 673 553 860 620; x_wconf 89' lang='lat' dir='ltr'><strong>Palatinum</strong></span> <span class='ocrx_word' id='word_1_6' title='bbox 889 576 984 619; x_wconf 90' lang='lat' dir='ltr'><strong>suum</strong></span> <span class='ocrx_word' id='word_1_7' title='bbox 1011 551 1213 638; x_wconf 69' lang='lat' dir='ltr'><strong>praestantia</strong></span> <span class='ocrx_word' id='word_1_8' title='bbox 1241 552 1317 618; x_wconf 89' lang='lat' dir='ltr'>libri</span> <span class='ocrx_word' id='word_1_9' title='bbox 1343 557 1377 618; x_wconf 90' lang='lat' dir='ltr'><strong>et</strong></span> <span class='ocrx_word' id='word_1_10' title='bbox 1404 551 1561 638; x_wconf 78' lang='lat' dir='ltr'><strong>Torquati</strong></span> <span class='ocrx_word' id='word_1_11' title='bbox 1590 551 1750 618; x_wconf 87' lang='lat' dir='ltr'><strong>Gennadii</strong></span> <span class='ocrx_word' id='word_1_12' title='bbox 1779 552 2016 638; x_wconf 74' lang='lat' dir='ltr'><strong>subscriptione</strong></span> 
     </span>
     <span class='ocr_line' id='line_1_3' title="bbox 256 657 2018 746; baseline 0.002 -21"><span class='ocrx_word' id='word_1_13' title='bbox 256 664 425 746; x_wconf 90' lang='lat' dir='ltr'><strong>permotus</strong></span> <span class='ocrx_word' id='word_1_14' title='bbox 440 681 619 726; x_wconf 80' lang='lat' dir='ltr'><strong>annosum</strong></span> <span class='ocrx_word' id='word_1_15' title='bbox 633 662 686 727; x_wconf 81' lang='lat' dir='ltr'><strong>vel</strong></span> <span class='ocrx_word' id='word_1_16' title='bbox 700 661 989 726; x_wconf 63' lang='lat' dir='ltr'><strong>sermonicum</strong></span> <span class='ocrx_word' id='word_1_17' title='bbox 1005 660 1118 726; x_wconf 84' lang='lat' dir='ltr'><strong>iactat:</strong></span> <span class='ocrx_word' id='word_1_18' title='bbox 1136 682 1211 724; x_wconf 90' lang='lat' dir='ltr'><strong>nam</strong></span> <span class='ocrx_word' id='word_1_19' title='bbox 1227 660 1255 726; x_wconf 92' lang='lat' dir='ltr'><strong>is</strong></span> <span class='ocrx_word' id='word_1_20' title='bbox 1270 682 1360 726; x_wconf 89' lang='lat' dir='ltr'><strong>error</strong></span> <span class='ocrx_word' id='word_1_21' title='bbox 1373 681 1444 726; x_wconf 90' lang='lat' dir='ltr'><strong>esse</strong></span> <span class='ocrx_word' id='word_1_22' title='bbox 1459 661 1597 745; x_wconf 88' lang='lat' dir='ltr'><strong>poterat.</strong></span> <span class='ocrx_word' id='word_1_23' title='bbox 1624 657 1788 724; x_wconf 78' lang='lat' dir='ltr'><strong>Videlicet</strong></span> <span class='ocrx_word' id='word_1_24' title='bbox 1801 660 1920 726; x_wconf 90' lang='lat' dir='ltr'><strong>librum</strong></span> <span class='ocrx_word' id='word_1_25' title='bbox 1935 683 2018 728; x_wconf 88' lang='lat' dir='ltr'><strong>saec.</strong></span> 
     </span>
     <span class='ocr_line' id='line_1_4' title="bbox 254 765 2017 853; baseline 0.002 -21"><span class='ocrx_word' id='word_1_26' title='bbox 254 766 317 832; x_wconf 88' lang='lat' dir='ltr'><strong>XV</strong></span> <span class='ocrx_word' id='word_1_27' title='bbox 335 789 402 832; x_wconf 90' lang='lat' dir='ltr'><strong>non</strong></span> <span class='ocrx_word' id='word_1_28' title='bbox 420 789 574 852; x_wconf 89' lang='lat' dir='ltr'><strong>superare</strong></span> <span class='ocrx_word' id='word_1_29' title='bbox 593 769 628 834; x_wconf 91' lang='lat' dir='ltr'><strong>in</strong></span> <span class='ocrx_word' id='word_1_30' title='bbox 646 790 781 835; x_wconf 89' lang='lat' dir='ltr'><strong>recensu</strong></span> <span class='ocrx_word' id='word_1_31' title='bbox 797 768 942 833; x_wconf 90' lang='lat' dir='ltr'><strong>codicum</strong></span> <span class='ocrx_word' id='word_1_32' title='bbox 956 767 1042 833; x_wconf 88' lang='lat' dir='ltr'><strong>infra</strong></span> <span class='ocrx_word' id='word_1_33' title='bbox 1056 767 1192 833; x_wconf 86' lang='lat' dir='ltr'><strong>narrari.</strong></span> <span class='ocrx_word' id='word_1_34' title='bbox 1225 766 1311 832; x_wconf 91' lang='lat' dir='ltr'><strong>Illud</strong></span> <span class='ocrx_word' id='word_1_35' title='bbox 1327 789 1402 834; x_wconf 86' lang='lat' dir='ltr'><strong>vero</strong></span> <span class='ocrx_word' id='word_1_36' title='bbox 1418 765 1527 853; x_wconf 89' lang='lat' dir='ltr'><strong>culpo,</strong></span> <span class='ocrx_word' id='word_1_37' title='bbox 1542 765 1627 851; x_wconf 91' lang='lat' dir='ltr'><strong>quod</strong></span> <span class='ocrx_word' id='word_1_38' title='bbox 1648 765 1767 851; x_wconf 88' lang='lat' dir='ltr'><strong>ubique</strong></span> <span class='ocrx_word' id='word_1_39' title='bbox 1786 768 2017 836; x_wconf 82' lang='lat' dir='ltr'><strong>membranas</strong></span> 
     </span>
     <span class='ocr_line' id='line_1_5' title="bbox 255 871 2016 961; baseline 0.002 -23"><span class='ocrx_word' id='word_1_40' title='bbox 255 874 458 940; x_wconf 80' lang='lat' dir='ltr'><strong>Palatinas</strong></span> <span class='ocrx_word' id='word_1_41' title='bbox 481 881 605 961; x_wconf 87' lang='lat' dir='ltr'><strong>crepat,</strong></span> <span class='ocrx_word' id='word_1_42' title='bbox 628 881 666 941; x_wconf 91' lang='lat' dir='ltr'><strong>ut</strong></span> <span class='ocrx_word' id='word_1_43' title='bbox 688 875 798 942; x_wconf 90' lang='lat' dir='ltr'><strong>fucum</strong></span> <span class='ocrx_word' id='word_1_44' title='bbox 820 875 1008 942; x_wconf 88' lang='lat' dir='ltr'><strong>hominibus</strong></span> <span class='ocrx_word' id='word_1_45' title='bbox 1033 874 1188 940; x_wconf 90' lang='lat' dir='ltr'><strong>litteratis</strong></span> <span class='ocrx_word' id='word_1_46' title='bbox 1212 873 1321 940; x_wconf 86' lang='lat' dir='ltr'><strong>faciat.</strong></span> <span class='ocrx_word' id='word_1_47' title='bbox 1367 871 1593 938; x_wconf 82' lang='lat' dir='ltr'><strong>Gtartaceus</strong></span> <span class='ocrx_word' id='word_1_48' title='bbox 1617 872 1709 938; x_wconf 80' lang='lat' dir='ltr'><strong>tiber</strong></span> <span class='ocrx_word' id='word_1_49' title='bbox 1730 872 1808 939; x_wconf 82' lang='lat' dir='ltr'><strong>est.“</strong></span> <span class='ocrx_word' id='word_1_50' title='bbox 1855 874 1934 951; x_wconf 91' lang='lat' dir='ltr'><strong>Quis</strong></span> <span class='ocrx_word' id='word_1_51' title='bbox 1953 875 2016 942; x_wconf 91' lang='lat' dir='ltr'><strong>hoc</strong></span> 
     </span>
     <span class='ocr_line' id='line_1_6' title="bbox 243 979 2014 1070; baseline 0.002 -24"><span class='ocrx_word' id='word_1_52' title='bbox 243 981 378 1066; x_wconf 77' lang='lat' dir='ltr'><strong>credat,</strong></span> <span class='ocrx_word' id='word_1_53' title='bbox 410 981 584 1047; x_wconf 88' lang='lat' dir='ltr'><strong>Gruterum</strong></span> <span class='ocrx_word' id='word_1_54' title='bbox 609 982 729 1049; x_wconf 92' lang='lat' dir='ltr'><strong>librum</strong></span> <span class='ocrx_word' id='word_1_55' title='bbox 759 983 981 1070; x_wconf 72' lang='lat' dir='ltr'><strong>chartaceum,</strong></span> <span class='ocrx_word' id='word_1_56' title='bbox 1011 987 1048 1048; x_wconf 90' lang='lat' dir='ltr'><strong>ut</strong></span> <span class='ocrx_word' id='word_1_57' title='bbox 1077 982 1187 1048; x_wconf 88' lang='lat' dir='ltr'><strong>fucum</strong></span> <span class='ocrx_word' id='word_1_58' title='bbox 1211 980 1345 1065; x_wconf 87' lang='lat' dir='ltr'><strong>laceret,</strong></span> <span class='ocrx_word' id='word_1_59' title='bbox 1371 981 1573 1046; x_wconf 83' lang='lat' dir='ltr'><strong>membranas</strong></span> <span class='ocrx_word' id='word_1_60' title='bbox 1596 979 1796 1046; x_wconf 82' lang='lat' dir='ltr'><strong>nominasse!</strong></span> <span class='ocrx_word' id='word_1_61' title='bbox 1842 980 2014 1049; x_wconf 86' lang='lat' dir='ltr'><strong>Lectiones</strong></span> 
     </span>
     <span class='ocr_line' id='line_1_7' title="bbox 255 1084 2014 1174; baseline 0.001 -22"><span class='ocrx_word' id='word_1_62' title='bbox 255 1092 364 1153; x_wconf 90' lang='lat' dir='ltr'><strong>autem</strong></span> <span class='ocrx_word' id='word_1_63' title='bbox 394 1088 564 1174; x_wconf 87' lang='lat' dir='ltr'><strong>utriusque</strong></span> <span class='ocrx_word' id='word_1_64' title='bbox 594 1089 670 1155; x_wconf 91' lang='lat' dir='ltr'><strong>libri</strong></span> <span class='ocrx_word' id='word_1_65' title='bbox 700 1089 730 1155; x_wconf 90' lang='lat' dir='ltr'><strong>si</strong></span> <span class='ocrx_word' id='word_1_66' title='bbox 759 1089 951 1174; x_wconf 81' lang='lat' dir='ltr'><strong>diligentius</strong></span> <span class='ocrx_word' id='word_1_67' title='bbox 982 1089 1185 1174; x_wconf 87' lang='lat' dir='ltr'><strong>inspicimus,</strong></span> <span class='ocrx_word' id='word_1_68' title='bbox 1214 1087 1358 1153; x_wconf 89' lang='lat' dir='ltr'><strong>videmus</strong></span> <span class='ocrx_word' id='word_1_69' title='bbox 1382 1084 1428 1172; x_wconf 68' lang='lat' dir='ltr'><strong>p,</strong></span> <span class='ocrx_word' id='word_1_70' title='bbox 1450 1087 1508 1153; x_wconf 89' lang='lat' dir='ltr'><strong>ubi</strong></span> <span class='ocrx_word' id='word_1_71' title='bbox 1531 1109 1550 1151; x_wconf 87' lang='lat' dir='ltr'><strong>a</strong></span> <span class='ocrx_word' id='word_1_72' title='bbox 1573 1086 1599 1151; x_wconf 94' lang='lat' dir='ltr'>P</span> <span class='ocrx_word' id='word_1_73' title='bbox 1623 1086 1799 1172; x_wconf 83' lang='lat' dir='ltr'><strong>discrepat,</strong></span> <span class='ocrx_word' id='word_1_74' title='bbox 1821 1088 2014 1174; x_wconf 88' lang='lat' dir='ltr'><strong>plerumque</strong></span> 
     </span>
     <span class='ocr_line' id='line_1_8' title="bbox 255 1193 2013 1284; baseline 0.003 -26"><span class='ocrx_word' id='word_1_75' title='bbox 255 1194 439 1278; x_wconf 87' lang='lat' dir='ltr'><strong>conspirare</strong></span> <span class='ocrx_word' id='word_1_76' title='bbox 462 1217 535 1261; x_wconf 89' lang='lat' dir='ltr'><strong>cum</strong></span> <span class='ocrx_word' id='word_1_77' title='bbox 553 1197 789 1263; x_wconf 84' lang='lat' dir='ltr'><strong>Arondelliano</strong></span> <span class='ocrx_word' id='word_1_78' title='bbox 809 1196 966 1262; x_wconf 83' lang='lat' dir='ltr'><strong>Gronovii</strong></span> <span class='ocrx_word' id='word_1_79' title='bbox 984 1193 1056 1284; x_wconf 91' lang='lat' dir='ltr'><strong>(Q),</strong></span> <span class='ocrx_word' id='word_1_80' title='bbox 1075 1196 1130 1281; x_wconf 89' lang='lat' dir='ltr'><strong>qui</strong></span> <span class='ocrx_word' id='word_1_81' title='bbox 1149 1195 1233 1260; x_wconf 92' lang='lat' dir='ltr'><strong>liber</strong></span> <span class='ocrx_word' id='word_1_82' title='bbox 1251 1195 1437 1280; x_wconf 88' lang='lat' dir='ltr'><strong>praeclarus</strong></span> <span class='ocrx_word' id='word_1_83' title='bbox 1456 1194 1599 1260; x_wconf 89' lang='lat' dir='ltr'><strong>eiusdem</strong></span> <span class='ocrx_word' id='word_1_84' title='bbox 1626 1197 1676 1259; x_wconf 92' lang='lat' dir='ltr'><strong>est</strong></span> <span class='ocrx_word' id='word_1_85' title='bbox 1695 1193 1853 1280; x_wconf 84' lang='lat' dir='ltr'><strong>familiae,</strong></span> <span class='ocrx_word' id='word_1_86' title='bbox 1872 1193 2013 1264; x_wconf 82' lang='lat' dir='ltr'><strong>Grutero</strong></span> 
     </span>
     <span class='ocr_line' id='line_1_9' title="bbox 256 1302 2013 1390; baseline 0.002 -24"><span class='ocrx_word' id='word_1_87' title='bbox 256 1305 364 1366; x_wconf 88' lang='lat' dir='ltr'><strong>autem</strong></span> <span class='ocrx_word' id='word_1_88' title='bbox 394 1302 539 1368; x_wconf 90' lang='lat' dir='ltr'><strong>nondum</strong></span> <span class='ocrx_word' id='word_1_89' title='bbox 568 1309 666 1369; x_wconf 89' lang='lat' dir='ltr'><strong>notus</strong></span> <span class='ocrx_word' id='word_1_90' title='bbox 696 1309 776 1370; x_wconf 88' lang='lat' dir='ltr'><strong>erat.</strong></span> <span class='ocrx_word' id='word_1_91' title='bbox 821 1304 982 1390; x_wconf 78' lang='lat' dir='ltr'><strong>Exempla</strong></span> <span class='ocrx_word' id='word_1_92' title='bbox 1012 1324 1208 1388; x_wconf 88' lang='lat' dir='ltr'><strong>quamquam</strong></span> <span class='ocrx_word' id='word_1_93' title='bbox 1239 1303 1336 1387; x_wconf 88' lang='lat' dir='ltr'><strong>plura</strong></span> <span class='ocrx_word' id='word_1_94' title='bbox 1365 1303 1508 1387; x_wconf 82' lang='lat' dir='ltr'><strong>proferre</strong></span> <span class='ocrx_word' id='word_1_95' title='bbox 1533 1324 1680 1387; x_wconf 89' lang='lat' dir='ltr'><strong>possum,</strong></span> <span class='ocrx_word' id='word_1_96' title='bbox 1708 1323 1812 1385; x_wconf 90' lang='lat' dir='ltr'><strong>pauca</strong></span> <span class='ocrx_word' id='word_1_97' title='bbox 1834 1302 2013 1370; x_wconf 84' lang='lat' dir='ltr'><strong>sufficiunt:</strong></span> 
     </span>
     <span class='ocr_line' id='line_1_10' title="bbox 253 1407 2013 1496; baseline 0.002 -24"><span class='ocrx_word' id='word_1_98' title='bbox 253 1412 308 1482; x_wconf 89' lang='lat' dir='ltr'><strong>1v,</strong></span> <span class='ocrx_word' id='word_1_99' title='bbox 329 1412 380 1482; x_wconf 83' lang='grc'><strong>66,</strong></span> <span class='ocrx_word' id='word_1_100' title='bbox 395 1412 442 1473; x_wconf 81' lang='lat'><strong>12:</strong></span> <span class='ocrx_word' id='word_1_101' title='bbox 474 1410 565 1474; x_wconf 81' lang='lat' dir='ltr'><strong>tarta</strong></span> <span class='ocrx_word' id='word_1_102' title='bbox 593 1431 675 1476; x_wconf 68' lang='lat' dir='ltr'><strong>mmo</strong></span> <span class='ocrx_word' id='word_1_103' title='bbox 699 1408 730 1494; x_wconf 71' lang='lat' dir='ltr'>p</span> <span class='ocrx_word' id='word_1_104' title='bbox 755 1407 856 1496; x_wconf 91' lang='lat' dir='ltr'><strong>(quod</strong></span> <span class='ocrx_word' id='word_1_105' title='bbox 887 1411 1051 1476; x_wconf 88' lang='lat' dir='ltr'><strong>sententia</strong></span> <span class='ocrx_word' id='word_1_106' title='bbox 1080 1409 1219 1495; x_wconf 89' lang='lat' dir='ltr'><strong>respuit,</strong></span> <span class='ocrx_word' id='word_1_107' title='bbox 1249 1413 1357 1474; x_wconf 89' lang='lat' dir='ltr'><strong>ortum</strong></span> <span class='ocrx_word' id='word_1_108' title='bbox 1386 1414 1497 1475; x_wconf 90' lang='lat' dir='ltr'><strong>autem</strong></span> <span class='ocrx_word' id='word_1_109' title='bbox 1525 1413 1576 1474; x_wconf 86' lang='lat' dir='ltr'><strong>est</strong></span> <span class='ocrx_word' id='word_1_110' title='bbox 1598 1408 1667 1474; x_wconf 86' lang='lat' dir='ltr'><strong>sive</strong></span> <span class='ocrx_word' id='word_1_111' title='bbox 1692 1430 1800 1475; x_wconf 86' lang='lat' dir='ltr'><strong>errore</strong></span> <span class='ocrx_word' id='word_1_112' title='bbox 1823 1409 1892 1474; x_wconf 83' lang='lat' dir='ltr'><strong>sive</strong></span> <span class='ocrx_word' id='word_1_113' title='bbox 1915 1408 2013 1476; x_wconf 87' lang='lat' dir='ltr'><strong>intar-</strong></span> 
     </span>
     <span class='ocr_line' id='line_1_11' title="bbox 254 1513 2012 1604; baseline 0.001 -25"><span class='ocrx_word' id='word_1_114' title='bbox 254 1514 423 1600; x_wconf 85' lang='lat' dir='ltr'><strong>polatione</strong></span> <span class='ocrx_word' id='word_1_115' title='bbox 442 1538 480 1581; x_wconf 83' lang='lat' dir='ltr'><strong>ex</strong></span> <span class='ocrx_word' id='word_1_116' title='bbox 499 1539 527 1582; x_wconf 84' lang='lat' dir='ltr'><strong>s.</strong></span> <span class='ocrx_word' id='word_1_117' title='bbox 541 1519 595 1582; x_wconf 87' lang='lat'><strong>10:</strong></span> <span class='ocrx_word' id='word_1_118' title='bbox 618 1518 708 1582; x_wconf 76' lang='lat' dir='ltr'><strong>urea</strong></span> <span class='ocrx_word' id='word_1_119' title='bbox 724 1517 810 1604; x_wconf 73' lang='lat' dir='ltr'><strong>foci).</strong></span> <span class='ocrx_word' id='word_1_120' title='bbox 848 1517 938 1582; x_wconf 85' lang='lat' dir='ltr'><strong>turta</strong></span> <span class='ocrx_word' id='word_1_121' title='bbox 955 1538 1050 1602; x_wconf 84' lang='lat' dir='ltr'><strong>mero,</strong></span> <span class='ocrx_word' id='word_1_122' title='bbox 1069 1518 1103 1582; x_wconf 92' lang='lat' dir='ltr'><strong>in</strong></span> <span class='ocrx_word' id='word_1_123' title='bbox 1121 1516 1268 1601; x_wconf 83' lang='lat' dir='ltr'><strong>margine</strong></span> <span class='ocrx_word' id='word_1_124' title='bbox 1286 1537 1363 1582; x_wconf 84' lang='lat' dir='ltr'><strong>uena</strong></span> <span class='ocrx_word' id='word_1_125' title='bbox 1382 1515 1418 1592; x_wconf 90' lang='lat' dir='ltr'><strong>Q.</strong></span> <span class='ocrx_word' id='word_1_126' title='bbox 1455 1537 1532 1580; x_wconf 87' lang='lat' dir='ltr'><strong>oeua</strong></span> <span class='ocrx_word' id='word_1_127' title='bbox 1548 1536 1631 1580; x_wconf 85' lang='lat' dir='ltr'><strong>mero</strong></span> <span class='ocrx_word' id='word_1_128' title='bbox 1649 1513 1675 1578; x_wconf 94' lang='lat' dir='ltr'>P</span> <span class='ocrx_word' id='word_1_129' title='bbox 1694 1536 1767 1580; x_wconf 91' lang='lat' dir='ltr'><strong>cum</strong></span> <span class='ocrx_word' id='word_1_130' title='bbox 1786 1514 2012 1601; x_wconf 84' lang='lat' dir='ltr'><strong>plerisque.-</strong></span> 
     </span>
     <span class='ocr_line' id='line_1_12' title="bbox 253 1620 2012 1709; baseline 0.002 -24"><span class='ocrx_word' id='word_1_131' title='bbox 253 1625 314 1696; x_wconf 76' lang='lat'><strong>11,</strong></span> <span class='ocrx_word' id='word_1_132' title='bbox 329 1625 420 1700; x_wconf 79' lang='lat'><strong>83,2:</strong></span> <span class='ocrx_word' id='word_1_133' title='bbox 443 1624 590 1689; x_wconf 83' lang='lat' dir='ltr'><strong>Maronis</strong></span> <span class='ocrx_word' id='word_1_134' title='bbox 612 1621 688 1708; x_wconf 66' lang='lat' dir='ltr'><strong>DQ.</strong></span> <span class='ocrx_word' id='word_1_135' title='bbox 733 1625 888 1690; x_wconf 78' lang='lat' dir='ltr'><strong>Marionis</strong></span> <span class='ocrx_word' id='word_1_136' title='bbox 910 1623 945 1708; x_wconf 93' lang='lat' dir='ltr'><strong>P,</strong></span> <span class='ocrx_word' id='word_1_137' title='bbox 968 1623 1043 1690; x_wconf 89' lang='lat' dir='ltr'><strong>fam.</strong></span> <span class='ocrx_word' id='word_1_138' title='bbox 1064 1621 1116 1690; x_wconf 72' lang='lat'><strong>0⁸.</strong></span> <span class='ocrx_word' id='word_1_139' title='bbox 1142 1659 1183 1670; x_wconf 92' lang='lat'><strong>--</strong></span> <span class='ocrx_word' id='word_1_140' title='bbox 1213 1629 1257 1706; x_wconf 82' lang='lat' dir='ltr'><strong>X,</strong></span> <span class='ocrx_word' id='word_1_141' title='bbox 1275 1627 1363 1696; x_wconf 68' lang='lat' dir='ltr'><strong>m:</strong></span> <span class='ocrx_word' id='word_1_142' title='bbox 1399 1623 1505 1706; x_wconf 75' lang='lat' dir='ltr'><strong>Orispe</strong></span> <span class='ocrx_word' id='word_1_143' title='bbox 1528 1620 1650 1709; x_wconf 88' lang='lat' dir='ltr'><strong>(errore</strong></span> <span class='ocrx_word' id='word_1_144' title='bbox 1675 1626 1732 1687; x_wconf 87' lang='lat' dir='ltr'><strong>eut</strong></span> <span class='ocrx_word' id='word_1_145' title='bbox 1756 1621 2012 1708; x_wconf 85' lang='lat' dir='ltr'><strong>interpolatione</strong></span> 
     </span>
     <span class='ocr_line' id='line_1_13' title="bbox 256 1725 2010 1818; baseline 0.002 -24"><span class='ocrx_word' id='word_1_146' title='bbox 256 1731 362 1794; x_wconf 89' lang='lat' dir='ltr'><strong>ortum</strong></span> <span class='ocrx_word' id='word_1_147' title='bbox 394 1751 432 1794; x_wconf 88' lang='lat' dir='ltr'><strong>ex</strong></span> <span class='ocrx_word' id='word_1_148' title='bbox 457 1730 500 1815; x_wconf 90' lang='lat' dir='ltr'><strong>X,</strong></span> <span class='ocrx_word' id='word_1_149' title='bbox 519 1729 571 1818; x_wconf 89' lang='grc'><strong>14)</strong></span> <span class='ocrx_word' id='word_1_150' title='bbox 596 1729 671 1815; x_wconf 70' lang='lat' dir='ltr'><strong>DQ.</strong></span> <span class='ocrx_word' id='word_1_151' title='bbox 716 1731 805 1796; x_wconf 73' lang='lat' dir='ltr'><strong>Sexte</strong></span> <span class='ocrx_word' id='word_1_152' title='bbox 834 1731 955 1796; x_wconf 89' lang='lat' dir='ltr'><strong>Pcum</strong></span> <span class='ocrx_word' id='word_1_153' title='bbox 980 1731 1095 1796; x_wconf 89' lang='lat' dir='ltr'><strong>ceteris</strong></span> <span class='ocrx_word' id='word_1_154' title='bbox 1125 1734 1261 1815; x_wconf 87' lang='lat' dir='ltr'><strong>excepto</strong></span> <span class='ocrx_word' id='word_1_155' title='bbox 1292 1729 1363 1796; x_wconf 91' lang='lat' dir='ltr'><strong>solo</strong></span> <span class='ocrx_word' id='word_1_156' title='bbox 1387 1727 1691 1796; x_wconf 88' lang='lat' dir='ltr'><strong>Wolfenbuttelano</strong></span> <span class='ocrx_word' id='word_1_157' title='bbox 1716 1725 1770 1816; x_wconf 77' lang='lat' dir='ltr'><strong>(l.</strong></span> <span class='ocrx_word' id='word_1_158' title='bbox 1792 1765 1837 1776; x_wconf 91' lang='lat'>-</span> <span class='ocrx_word' id='word_1_159' title='bbox 1859 1734 2010 1810; x_wconf 80' lang='lat' dir='ltr'><strong>x,³4.1:</strong></span> 
     </span>
     <span class='ocr_line' id='line_1_14' title="bbox 257 1833 2011 1923; baseline 0.001 -22"><span class='ocrx_word' id='word_1_160' title='bbox 257 1837 371 1901; x_wconf 87' lang='lat' dir='ltr'><strong>Caesar</strong></span> <span class='ocrx_word' id='word_1_161' title='bbox 400 1836 463 1902; x_wconf 90' lang='lat' dir='ltr'><strong>soli</strong></span> <span class='ocrx_word' id='word_1_162' title='bbox 487 1833 596 1920; x_wconf 67' lang='lat' dir='ltr'><strong>DQQ.</strong></span> <span class='ocrx_word' id='word_1_163' title='bbox 634 1840 779 1921; x_wconf 62' lang='lat' dir='ltr'><strong>praeceps</strong></span> <span class='ocrx_word' id='word_1_164' title='bbox 808 1837 835 1902; x_wconf 92' lang='lat' dir='ltr'><strong>P</strong></span> <span class='ocrx_word' id='word_1_165' title='bbox 865 1861 937 1903; x_wconf 89' lang='lat' dir='ltr'><strong>cum</strong></span> <span class='ocrx_word' id='word_1_166' title='bbox 967 1836 1140 1923; x_wconf 89' lang='lat' dir='ltr'><strong>plerisque.</strong></span> <span class='ocrx_word' id='word_1_167' title='bbox 1169 1873 1214 1884; x_wconf 92' lang='lat'>-</span> <span class='ocrx_word' id='word_1_168' title='bbox 1243 1836 1333 1914; x_wconf 86' lang='lat' dir='ltr'><strong>Quae</strong></span> <span class='ocrx_word' id='word_1_169' title='bbox 1363 1835 1613 1902; x_wconf 83' lang='lat' dir='ltr'><strong>commemoravi</strong></span> <span class='ocrx_word' id='word_1_170' title='bbox 1647 1859 1720 1902; x_wconf 88' lang='lat' dir='ltr'><strong>cum</strong></span> <span class='ocrx_word' id='word_1_171' title='bbox 1751 1836 1832 1901; x_wconf 90' lang='lat' dir='ltr'><strong>talia</strong></span> <span class='ocrx_word' id='word_1_172' title='bbox 1863 1836 1943 1922; x_wconf 90' lang='lat' dir='ltr'><strong>sint,</strong></span> <span class='ocrx_word' id='word_1_173' title='bbox 1973 1841 2011 1904; x_wconf 90' lang='lat' dir='ltr'><strong>ut</strong></span> 
     </span>
     <span class='ocr_line' id='line_1_15' title="bbox 254 1942 2009 2030; baseline 0.002 -24"><span class='ocrx_word' id='word_1_174' title='bbox 254 1942 412 2008; x_wconf 83' lang='lat' dir='ltr'><strong>Gruterus</strong></span> <span class='ocrx_word' id='word_1_175' title='bbox 435 1966 540 2029; x_wconf 87' lang='lat' dir='ltr'><strong>neque</strong></span> <span class='ocrx_word' id='word_1_176' title='bbox 565 1946 708 2029; x_wconf 91' lang='lat' dir='ltr'><strong>potuerit</strong></span> <span class='ocrx_word' id='word_1_177' title='bbox 730 1967 836 2010; x_wconf 91' lang='lat' dir='ltr'><strong>errare</strong></span> <span class='ocrx_word' id='word_1_178' title='bbox 854 1967 958 2030; x_wconf 89' lang='lat' dir='ltr'><strong>neque</strong></span> <span class='ocrx_word' id='word_1_179' title='bbox 977 1967 1033 2011; x_wconf 88' lang='lat' dir='ltr'><strong>cur</strong></span> <span class='ocrx_word' id='word_1_180' title='bbox 1052 1945 1245 2011; x_wconf 89' lang='lat' dir='ltr'><strong>mentiretur</strong></span> <span class='ocrx_word' id='word_1_181' title='bbox 1262 1944 1429 2030; x_wconf 88' lang='lat' dir='ltr'><strong>habuerit,</strong></span> <span class='ocrx_word' id='word_1_182' title='bbox 1448 1949 1584 2030; x_wconf 85' lang='lat' dir='ltr'><strong>apparet</strong></span> <span class='ocrx_word' id='word_1_183' title='bbox 1609 1943 1765 2009; x_wconf 89' lang='lat' dir='ltr'><strong>Gruteri</strong></span> <span class='ocrx_word' id='word_1_184' title='bbox 1788 1942 2009 2010; x_wconf 90' lang='lat' dir='ltr'><strong>Palatinum</strong></span> 
     </span>
     <span class='ocr_line' id='line_1_16' title="bbox 253 2049 2009 2137; baseline 0.002 -23"><span class='ocrx_word' id='word_1_185' title='bbox 253 2071 338 2116; x_wconf 87' lang='lat' dir='ltr'><strong>essa</strong></span> <span class='ocrx_word' id='word_1_186' title='bbox 362 2051 521 2116; x_wconf 86' lang='lat' dir='ltr'><strong>eundem</strong></span> <span class='ocrx_word' id='word_1_187' title='bbox 545 2055 661 2136; x_wconf 90' lang='lat' dir='ltr'><strong>atque</strong></span> <span class='ocrx_word' id='word_1_188' title='bbox 686 2050 967 2122; x_wconf 86' lang='lat' dir='ltr'><strong>Schneidewini</strong></span> <span class='ocrx_word' id='word_1_189' title='bbox 991 2051 1212 2117; x_wconf 90' lang='lat' dir='ltr'><strong>Palatinum</strong></span> <span class='ocrx_word' id='word_1_190' title='bbox 1235 2074 1309 2118; x_wconf 93' lang='lat' dir='ltr'><strong>non</strong></span> <span class='ocrx_word' id='word_1_191' title='bbox 1332 2073 1453 2137; x_wconf 88' lang='lat' dir='ltr'><strong>posse.</strong></span> <span class='ocrx_word' id='word_1_192' title='bbox 1477 2049 1512 2116; x_wconf 85' lang='lat' dir='ltr'><strong>si</strong></span> <span class='ocrx_word' id='word_1_193' title='bbox 1531 2049 2009 2136; x_wconf 78' lang='lat' dir='ltr'><strong>posta.162100nglutinatus</strong></span> 
     </span>
     <span class='ocr_line' id='line_1_17' title="bbox 253 2155 2009 2244; baseline 0.002 -24"><span class='ocrx_word' id='word_1_194' title='bbox 253 2155 299 2222; x_wconf 89' lang='lat' dir='ltr'><strong>sit</strong></span> <span class='ocrx_word' id='word_1_195' title='bbox 322 2157 349 2221; x_wconf 90' lang='lat' dir='ltr'><strong>is</strong></span> <span class='ocrx_word' id='word_1_196' title='bbox 374 2156 457 2222; x_wconf 87' lang='lat' dir='ltr'><strong>liber</strong></span> <span class='ocrx_word' id='word_1_197' title='bbox 481 2162 587 2244; x_wconf 86' lang='lat' dir='ltr'><strong>vetus,</strong></span> <span class='ocrx_word' id='word_1_198' title='bbox 610 2158 701 2225; x_wconf 89' lang='lat' dir='ltr'><strong>cuius</strong></span> <span class='ocrx_word' id='word_1_199' title='bbox 733 2158 793 2223; x_wconf 89' lang='lat' dir='ltr'><strong>sub</strong></span> <span class='ocrx_word' id='word_1_200' title='bbox 827 2159 1053 2243; x_wconf 82' lang='lat' dir='ltr'><strong>integumento</strong></span> <span class='ocrx_word' id='word_1_201' title='bbox 1079 2159 1218 2224; x_wconf 86' lang='lat' dir='ltr'><strong>Wittius</strong></span> <span class='ocrx_word' id='word_1_202' title='bbox 1250 2155 1313 2244; x_wconf 86' lang='lat' dir='ltr'><strong>(vd</strong></span> <span class='ocrx_word' id='word_1_203' title='bbox 1333 2157 1529 2224; x_wconf 84' lang='lat' dir='ltr'><strong>Schneidew.</strong></span> <span class='ocrx_word' id='word_1_204' title='bbox 1549 2181 1580 2242; x_wconf 90' lang='lat' dir='ltr'><strong>p.</strong></span> <span class='ocrx_word' id='word_1_205' title='bbox 1598 2155 1701 2244; x_wconf 87' lang='lat' dir='ltr'><strong>LXX)</strong></span> <span class='ocrx_word' id='word_1_206' title='bbox 1720 2156 1873 2223; x_wconf 89' lang='lat' dir='ltr'><strong>Perusiae</strong></span> <span class='ocrx_word' id='word_1_207' title='bbox 1893 2157 2009 2224; x_wconf 86' lang='lat' dir='ltr'><strong>folium</strong></span> 
     </span>
     <span class='ocr_line' id='line_1_18' title="bbox 253 2263 2009 2351; baseline 0.002 -25"><span class='ocrx_word' id='word_1_208' title='bbox 253 2263 372 2329; x_wconf 87' lang='lat' dir='ltr'><strong>codicis</strong></span> <span class='ocrx_word' id='word_1_209' title='bbox 392 2265 519 2330; x_wconf 88' lang='lat' dir='ltr'><strong>saeculo</strong></span> <span class='ocrx_word' id='word_1_210' title='bbox 539 2263 603 2330; x_wconf 91' lang='lat' dir='ltr'><strong>XII</strong></span> <span class='ocrx_word' id='word_1_211' title='bbox 622 2266 737 2350; x_wconf 90' lang='lat' dir='ltr'><strong>scripti</strong></span> <span class='ocrx_word' id='word_1_212' title='bbox 754 2265 916 2331; x_wconf 89' lang='lat' dir='ltr'><strong>Martialis</strong></span> <span class='ocrx_word' id='word_1_213' title='bbox 937 2266 1175 2351; x_wconf 83' lang='lat' dir='ltr'><strong>epigrammata</strong></span> <span class='ocrx_word' id='word_1_214' title='bbox 1192 2265 1236 2350; x_wconf 91' lang='lat' dir='ltr'><strong>X,</strong></span> <span class='ocrx_word' id='word_1_215' title='bbox 1250 2267 1305 2350; x_wconf 83' lang='lat'><strong>36,</strong></span> <span class='ocrx_word' id='word_1_216' title='bbox 1322 2263 1483 2350; x_wconf 78' lang='lat'><strong>7-41,5</strong></span> <span class='ocrx_word' id='word_1_217' title='bbox 1502 2265 1669 2330; x_wconf 90' lang='lat' dir='ltr'><strong>continens</strong></span> <span class='ocrx_word' id='word_1_218' title='bbox 1689 2265 1845 2350; x_wconf 89' lang='lat' dir='ltr'><strong>repperit,</strong></span> <span class='ocrx_word' id='word_1_219' title='bbox 1864 2265 2009 2350; x_wconf 88' lang='lat' dir='ltr'><strong>suspicer</strong></span> 
     </span>
     <span class='ocr_line' id='line_1_19' title="bbox 251 2368 2007 2459; baseline 0.003 -27"><span class='ocrx_word' id='word_1_220' title='bbox 251 2369 322 2434; x_wconf 93' lang='lat' dir='ltr'><strong>hoc</strong></span> <span class='ocrx_word' id='word_1_221' title='bbox 351 2370 490 2436; x_wconf 84' lang='lat' dir='ltr'><strong>lolium</strong></span> <span class='ocrx_word' id='word_1_222' title='bbox 520 2368 602 2458; x_wconf 83' lang='lat' dir='ltr'><strong>(W)</strong></span> <span class='ocrx_word' id='word_1_223' title='bbox 635 2373 727 2438; x_wconf 92' lang='lat' dir='ltr'><strong>olim</strong></span> <span class='ocrx_word' id='word_1_224' title='bbox 758 2371 850 2437; x_wconf 90' lang='lat' dir='ltr'><strong>libri</strong></span> <span class='ocrx_word' id='word_1_225' title='bbox 880 2371 1052 2438; x_wconf 86' lang='lat' dir='ltr'><strong>Palatini</strong></span> <span class='ocrx_word' id='word_1_226' title='bbox 1083 2369 1153 2459; x_wconf 71' lang='lat' dir='ltr'><strong>(p)</strong></span> <span class='ocrx_word' id='word_1_227' title='bbox 1185 2373 1343 2438; x_wconf 88' lang='lat' dir='ltr'><strong>Gruteri</strong></span> <span class='ocrx_word' id='word_1_228' title='bbox 1372 2393 1416 2436; x_wconf 83' lang='lat' dir='ltr'><strong>ex</strong></span> <span class='ocrx_word' id='word_1_229' title='bbox 1445 2371 1672 2438; x_wconf 89' lang='lat' dir='ltr'><strong>testimonio</strong></span> <span class='ocrx_word' id='word_1_230' title='bbox 1707 2372 1855 2437; x_wconf 86' lang='lat' dir='ltr'><strong>vetusti</strong></span> <span class='ocrx_word' id='word_1_231' title='bbox 1884 2370 2007 2438; x_wconf 87' lang='lat' dir='ltr'><strong>luisse</strong></span> 
     </span>
     <span class='ocr_line' id='line_1_20' title="bbox 250 2474 2008 2564; baseline 0.004 -26"><span class='ocrx_word' id='word_1_232' title='bbox 250 2474 409 2562; x_wconf 91' lang='lat' dir='ltr'><strong>illumque</strong></span> <span class='ocrx_word' id='word_1_233' title='bbox 438 2477 545 2564; x_wconf 91' lang='lat' dir='ltr'><strong>ipsum</strong></span> <span class='ocrx_word' id='word_1_234' title='bbox 575 2500 652 2543; x_wconf 88' lang='lat' dir='ltr'><strong>casu</strong></span> <span class='ocrx_word' id='word_1_235' title='bbox 681 2479 792 2564; x_wconf 90' lang='lat' dir='ltr'><strong>aliquo</strong></span> <span class='ocrx_word' id='word_1_236' title='bbox 822 2500 887 2544; x_wconf 93' lang='lat' dir='ltr'><strong>non</strong></span> <span class='ocrx_word' id='word_1_237' title='bbox 916 2479 952 2543; x_wconf 92' lang='lat' dir='ltr'><strong>in</strong></span> <span class='ocrx_word' id='word_1_238' title='bbox 974 2478 1167 2545; x_wconf 89' lang='lat' dir='ltr'><strong>Vaticanam</strong></span> <span class='ocrx_word' id='word_1_239' title='bbox 1189 2479 1331 2562; x_wconf 81' lang='lat' dir='ltr'><strong>venisse,</strong></span> <span class='ocrx_word' id='word_1_240' title='bbox 1354 2478 1411 2546; x_wconf 88' lang='lat' dir='ltr'><strong>sed</strong></span> <span class='ocrx_word' id='word_1_241' title='bbox 1438 2478 1623 2564; x_wconf 84' lang='lat' dir='ltr'><strong>deperiisse.</strong></span> <span class='ocrx_word' id='word_1_242' title='bbox 1670 2476 1765 2545; x_wconf 83' lang='lat' dir='ltr'><strong>Certe</strong></span> <span class='ocrx_word' id='word_1_243' title='bbox 1788 2500 1861 2543; x_wconf 91' lang='lat' dir='ltr'><strong>cum</strong></span> <span class='ocrx_word' id='word_1_244' title='bbox 1884 2477 1919 2544; x_wconf 92' lang='lat' dir='ltr'><strong>in</strong></span> <span class='ocrx_word' id='word_1_245' title='bbox 1941 2479 2008 2564; x_wconf 92' lang='lat' dir='ltr'><strong>epi·</strong></span> 
     </span>
     <span class='ocr_line' id='line_1_21' title="bbox 251 2582 2007 2671; baseline 0.002 -24"><span class='ocrx_word' id='word_1_246' title='bbox 251 2584 446 2666; x_wconf 84' lang='lat' dir='ltr'><strong>grammatis</strong></span> <span class='ocrx_word' id='word_1_247' title='bbox 476 2583 520 2669; x_wconf 90' lang='lat' dir='ltr'><strong>X,</strong></span> <span class='ocrx_word' id='word_1_248' title='bbox 534 2585 672 2650; x_wconf 87' lang='grc'>36-41</span> <span class='ocrx_word' id='word_1_249' title='bbox 703 2608 767 2651; x_wconf 91' lang='lat' dir='ltr'><strong>uno</strong></span> <span class='ocrx_word' id='word_1_250' title='bbox 796 2590 925 2651; x_wconf 89' lang='lat' dir='ltr'><strong>tantum</strong></span> <span class='ocrx_word' id='word_1_251' title='bbox 954 2587 1026 2651; x_wconf 93' lang='lat' dir='ltr'><strong>loco</strong></span> <span class='ocrx_word' id='word_1_252' title='bbox 1057 2587 1133 2652; x_wconf 89' lang='lat' dir='ltr'><strong>libri</strong></span> <span class='ocrx_word' id='word_1_253' title='bbox 1162 2585 1307 2652; x_wconf 84' lang='lat' dir='ltr'><strong>familiae</strong></span> <span class='ocrx_word' id='word_1_254' title='bbox 1332 2585 1358 2652; x_wconf 87' lang='lat' dir='ltr'><strong>B</strong></span> <span class='ocrx_word' id='word_1_255' title='bbox 1386 2585 1471 2651; x_wconf 89' lang='lat' dir='ltr'><strong>inter</strong></span> <span class='ocrx_word' id='word_1_256' title='bbox 1499 2607 1535 2650; x_wconf 89' lang='lat' dir='ltr'><strong>se</strong></span> <span class='ocrx_word' id='word_1_257' title='bbox 1564 2584 1759 2671; x_wconf 89' lang='lat' dir='ltr'><strong>discrepent,</strong></span> <span class='ocrx_word' id='word_1_258' title='bbox 1782 2582 1824 2649; x_wconf 91' lang='lat' dir='ltr'>W</span> <span class='ocrx_word' id='word_1_259' title='bbox 1849 2590 1883 2651; x_wconf 91' lang='lat' dir='ltr'><strong>et</strong></span> <span class='ocrx_word' id='word_1_260' title='bbox 1905 2582 1937 2670; x_wconf 69' lang='lat' dir='ltr'><strong>J)</strong></span> <span class='ocrx_word' id='word_1_261' title='bbox 1960 2585 2007 2652; x_wconf 91' lang='lat' dir='ltr'><strong>ibi</strong></span> 
     </span>
     <span class='ocr_line' id='line_1_22' title="bbox 252 2688 2007 2782; baseline 0.003 -29"><span class='ocrx_word' id='word_1_262' title='bbox 252 2691 471 2756; x_wconf 88' lang='lat' dir='ltr'><strong>consentiunt:</strong></span> <span class='ocrx_word' id='word_1_263' title='bbox 500 2697 544 2776; x_wconf 82' lang='lat' dir='ltr'><strong>x,</strong></span> <span class='ocrx_word' id='word_1_264' title='bbox 560 2695 670 2773; x_wconf 81' lang='grc'><strong>37,18;</strong></span> <span class='ocrx_word' id='word_1_265' title='bbox 700 2693 779 2758; x_wconf 86' lang='lat' dir='ltr'><strong>male</strong></span> <span class='ocrx_word' id='word_1_266' title='bbox 801 2690 893 2776; x_wconf 74' lang='lat' dir='ltr'><strong>oW.</strong></span> <span class='ocrx_word' id='word_1_267' title='bbox 924 2693 998 2758; x_wconf 78' lang='lat' dir='ltr'><strong>neele</strong></span> <span class='ocrx_word' id='word_1_268' title='bbox 1020 2692 1055 2758; x_wconf 91' lang='lat' dir='ltr'><strong>P.</strong></span> <span class='ocrx_word' id='word_1_269' title='bbox 1087 2693 1174 2758; x_wconf 74' lang='lat' dir='ltr'><strong>aselle</strong></span> <span class='ocrx_word' id='word_1_270' title='bbox 1203 2692 1230 2772; x_wconf 92' lang='lat' dir='ltr'><strong>Q</strong></span> <span class='ocrx_word' id='word_1_271' title='bbox 1261 2691 1333 2778; x_wconf 89' lang='lat' dir='ltr'><strong>(ubi</strong></span> <span class='ocrx_word' id='word_1_272' title='bbox 1363 2692 1567 2758; x_wconf 85' lang='lat' dir='ltr'><strong>scribendum</strong></span> <span class='ocrx_word' id='word_1_273' title='bbox 1597 2695 1648 2756; x_wconf 90' lang='lat' dir='ltr'><strong>est</strong></span> <span class='ocrx_word' id='word_1_274' title='bbox 1676 2688 1795 2782; x_wconf 72' lang='lat' dir='ltr'><strong>spade).</strong></span> <span class='ocrx_word' id='word_1_275' title='bbox 1840 2690 1904 2759; x_wconf 83' lang='lat' dir='ltr'><strong>Sed</strong></span> <span class='ocrx_word' id='word_1_276' title='bbox 1926 2693 2007 2759; x_wconf 91' lang='lat' dir='ltr'><strong>haec</strong></span> 
     </span>
     <span class='ocr_line' id='line_1_23' title="bbox 252 2795 1689 2878; baseline 0.006 -20"><span class='ocrx_word' id='word_1_277' title='bbox 252 2795 421 2878; x_wconf 81' lang='lat' dir='ltr'><strong>hactenus3</strong></span> <span class='ocrx_word' id='word_1_278' title='bbox 452 2820 529 2864; x_wconf 90' lang='lat' dir='ltr'><strong>nam</strong></span> <span class='ocrx_word' id='word_1_279' title='bbox 552 2797 707 2864; x_wconf 88' lang='lat' dir='ltr'><strong>hariolari</strong></span> <span class='ocrx_word' id='word_1_280' title='bbox 729 2800 815 2865; x_wconf 91' lang='lat' dir='ltr'><strong>nolo.</strong></span> <span class='ocrx_word' id='word_1_281' title='bbox 1686 2805 1689 2810; x_wconf 68' lang='grc'>“</span> 
     </span>
    </p>

    <p class='ocr_par' dir='ltr' id='par_1_3' title="bbox 245 2903 2008 5242">
     <span class='ocr_line' id='line_1_24' title="bbox 413 2903 2006 2992; baseline 0.001 -21"><span class='ocrx_word' id='word_1_282' title='bbox 413 2903 575 2988; x_wconf 80' lang='lat' dir='ltr'><strong>Cognatio</strong></span> <span class='ocrx_word' id='word_1_283' title='bbox 598 2905 758 2972; x_wconf 89' lang='lat' dir='ltr'><strong>librorum</strong></span> <span class='ocrx_word' id='word_1_284' title='bbox 781 2906 926 2972; x_wconf 86' lang='lat' dir='ltr'><strong>familiae</strong></span> <span class='ocrx_word' id='word_1_285' title='bbox 951 2906 978 2972; x_wconf 93' lang='lat' dir='ltr'>B</span> <span class='ocrx_word' id='word_1_286' title='bbox 1002 2911 1096 2973; x_wconf 87' lang='lat' dir='ltr'><strong>tanta</strong></span> <span class='ocrx_word' id='word_1_287' title='bbox 1118 2911 1182 2992; x_wconf 90' lang='lat' dir='ltr'><strong>est,</strong></span> <span class='ocrx_word' id='word_1_288' title='bbox 1210 2911 1246 2970; x_wconf 93' lang='lat' dir='ltr'><strong>ut</strong></span> <span class='ocrx_word' id='word_1_289' title='bbox 1273 2927 1374 2991; x_wconf 85' lang='lat' dir='ltr'><strong>paene</strong></span> <span class='ocrx_word' id='word_1_290' title='bbox 1403 2905 1553 2972; x_wconf 88' lang='lat' dir='ltr'><strong>omnibus</strong></span> <span class='ocrx_word' id='word_1_291' title='bbox 1581 2905 1661 2970; x_wconf 90' lang='lat' dir='ltr'><strong>locis</strong></span> <span class='ocrx_word' id='word_1_292' title='bbox 1689 2906 1746 2970; x_wconf 92' lang='lat' dir='ltr'><strong>uni</strong></span> <span class='ocrx_word' id='word_1_293' title='bbox 1773 2925 1885 2972; x_wconf 87' lang='lat' dir='ltr'><strong>eorum</strong></span> <span class='ocrx_word' id='word_1_294' title='bbox 1907 2907 2006 2973; x_wconf 86' lang='lat' dir='ltr'><strong>liceat</strong></span> 
     </span>
     <span class='ocr_line' id='line_1_25' title="bbox 252 3009 2005 3100; baseline 0.003 -25"><span class='ocrx_word' id='word_1_295' title='bbox 252 3015 375 3078; x_wconf 89' lang='lat' dir='ltr'><strong>ceteros</strong></span> <span class='ocrx_word' id='word_1_296' title='bbox 400 3012 544 3077; x_wconf 89' lang='lat' dir='ltr'><strong>eiusdem</strong></span> <span class='ocrx_word' id='word_1_297' title='bbox 567 3013 717 3078; x_wconf 90' lang='lat' dir='ltr'><strong>lectionis</strong></span> <span class='ocrx_word' id='word_1_298' title='bbox 740 3017 843 3080; x_wconf 90' lang='lat' dir='ltr'><strong>testes</strong></span> <span class='ocrx_word' id='word_1_299' title='bbox 871 3013 989 3080; x_wconf 87' lang='lat' dir='ltr'><strong>addere</strong></span> <span class='ocrx_word' id='word_1_300' title='bbox 1012 3009 1225 3100; x_wconf 84' lang='lat' dir='ltr'><strong>(Schneidew.</strong></span> <span class='ocrx_word' id='word_1_301' title='bbox 1242 3037 1273 3099; x_wconf 92' lang='lat' dir='ltr'><strong>p.</strong></span> <span class='ocrx_word' id='word_1_302' title='bbox 1293 3011 1387 3100; x_wconf 78' lang='grc'>679),</span> <span class='ocrx_word' id='word_1_303' title='bbox 1410 3017 1443 3078; x_wconf 91' lang='lat' dir='ltr'><strong>et</strong></span> <span class='ocrx_word' id='word_1_304' title='bbox 1470 3013 1525 3077; x_wconf 94' lang='lat' dir='ltr'><strong>ubi</strong></span> <span class='ocrx_word' id='word_1_305' title='bbox 1549 3013 1588 3078; x_wconf 92' lang='lat' dir='ltr'><strong>de</strong></span> <span class='ocrx_word' id='word_1_306' title='bbox 1611 3012 1682 3078; x_wconf 89' lang='lat' dir='ltr'><strong>solo</strong></span> <span class='ocrx_word' id='word_1_307' title='bbox 1705 3010 1732 3076; x_wconf 90' lang='lat' dir='ltr'><strong>P</strong></span> <span class='ocrx_word' id='word_1_308' title='bbox 1754 3017 1896 3099; x_wconf 87' lang='lat' dir='ltr'><strong>constat,</strong></span> <span class='ocrx_word' id='word_1_309' title='bbox 1919 3015 2005 3099; x_wconf 89' lang='lat' dir='ltr'><strong>quod</strong></span> 
     </span>
     <span class='ocr_line' id='line_1_26' title="bbox 249 3117 2003 3205; baseline 0.003 -24"><span class='ocrx_word' id='word_1_310' title='bbox 249 3117 307 3182; x_wconf 91' lang='lat' dir='ltr'><strong>ille</strong></span> <span class='ocrx_word' id='word_1_311' title='bbox 329 3119 444 3204; x_wconf 89' lang='lat' dir='ltr'><strong>habet,</strong></span> <span class='ocrx_word' id='word_1_312' title='bbox 466 3119 570 3183; x_wconf 90' lang='lat' dir='ltr'><strong>totius</strong></span> <span class='ocrx_word' id='word_1_313' title='bbox 593 3118 738 3186; x_wconf 89' lang='lat' dir='ltr'><strong>familiae</strong></span> <span class='ocrx_word' id='word_1_314' title='bbox 764 3120 789 3185; x_wconf 92' lang='lat' dir='ltr'>B</span> <span class='ocrx_word' id='word_1_315' title='bbox 813 3121 986 3186; x_wconf 89' lang='lat' dir='ltr'><strong>lectionem</strong></span> <span class='ocrx_word' id='word_1_316' title='bbox 1014 3141 1084 3186; x_wconf 87' lang='lat' dir='ltr'><strong>esse</strong></span> <span class='ocrx_word' id='word_1_317' title='bbox 1112 3121 1293 3205; x_wconf 90' lang='lat' dir='ltr'><strong>putandum</strong></span> <span class='ocrx_word' id='word_1_318' title='bbox 1322 3121 1375 3186; x_wconf 89' lang='lat' dir='ltr'><strong>sit.</strong></span> <span class='ocrx_word' id='word_1_319' title='bbox 1421 3117 1483 3185; x_wconf 82' lang='lat' dir='ltr'><strong>Sed</strong></span> <span class='ocrx_word' id='word_1_320' title='bbox 1511 3142 1585 3185; x_wconf 91' lang='lat' dir='ltr'><strong>cum</strong></span> <span class='ocrx_word' id='word_1_321' title='bbox 1607 3119 1733 3185; x_wconf 84' lang='lat' dir='ltr'><strong>familia</strong></span> <span class='ocrx_word' id='word_1_322' title='bbox 1756 3118 1803 3185; x_wconf 82' lang='grc'><strong>0·</strong></span> <span class='ocrx_word' id='word_1_323' title='bbox 1826 3120 1953 3186; x_wconf 88' lang='lat' dir='ltr'><strong>familia</strong></span> <span class='ocrx_word' id='word_1_324' title='bbox 1976 3119 2003 3186; x_wconf 90' lang='grc' dir='ltr'>Β</span> 
     </span>
     <span class='ocr_line' id='line_1_27' title="bbox 251 3224 2003 3312; baseline 0.002 -23"><span class='ocrx_word' id='word_1_325' title='bbox 251 3224 363 3290; x_wconf 89' lang='lat' dir='ltr'><strong>multis</strong></span> <span class='ocrx_word' id='word_1_326' title='bbox 388 3226 468 3291; x_wconf 88' lang='lat' dir='ltr'><strong>locis</strong></span> <span class='ocrx_word' id='word_1_327' title='bbox 492 3247 555 3291; x_wconf 89' lang='lat' dir='ltr'><strong>non</strong></span> <span class='ocrx_word' id='word_1_328' title='bbox 580 3227 729 3293; x_wconf 87' lang='lat' dir='ltr'><strong>concinit.</strong></span> <span class='ocrx_word' id='word_1_329' title='bbox 775 3227 930 3304; x_wconf 85' lang='lat' dir='ltr'><strong>Quaestio</strong></span> <span class='ocrx_word' id='word_1_330' title='bbox 954 3227 1144 3312; x_wconf 84' lang='lat' dir='ltr'><strong>igiturest,</strong></span> <span class='ocrx_word' id='word_1_331' title='bbox 1174 3249 1260 3292; x_wconf 89' lang='lat' dir='ltr'><strong>num</strong></span> <span class='ocrx_word' id='word_1_332' title='bbox 1290 3227 1467 3292; x_wconf 88' lang='lat' dir='ltr'><strong>familiae</strong></span> <span class='ocrx_word' id='word_1_333' title='bbox 1497 3224 1542 3293; x_wconf 80' lang='lat' dir='ltr'><strong>Q·</strong></span> <span class='ocrx_word' id='word_1_334' title='bbox 1574 3245 1723 3312; x_wconf 88' lang='lat' dir='ltr'><strong>semper</strong></span> <span class='ocrx_word' id='word_1_335' title='bbox 1752 3226 1874 3293; x_wconf 88' lang='lat' dir='ltr'><strong>maior</strong></span> <span class='ocrx_word' id='word_1_336' title='bbox 1902 3226 2003 3295; x_wconf 81' lang='lat' dir='ltr'><strong>fides</strong></span> 
     </span>
     <span class='ocr_line' id='line_1_28' title="bbox 249 3330 2002 3421; baseline 0.003 -26"><span class='ocrx_word' id='word_1_337' title='bbox 249 3330 425 3398; x_wconf 91' lang='lat' dir='ltr'><strong>habenda</strong></span> <span class='ocrx_word' id='word_1_338' title='bbox 448 3334 513 3418; x_wconf 90' lang='lat' dir='ltr'><strong>sit,</strong></span> <span class='ocrx_word' id='word_1_339' title='bbox 537 3356 646 3418; x_wconf 90' lang='lat' dir='ltr'><strong>quam</strong></span> <span class='ocrx_word' id='word_1_340' title='bbox 670 3333 861 3400; x_wconf 89' lang='lat' dir='ltr'><strong>Palatino.</strong></span> <span class='ocrx_word' id='word_1_341' title='bbox 906 3332 982 3400; x_wconf 91' lang='lat' dir='ltr'><strong>Nou</strong></span> <span class='ocrx_word' id='word_1_342' title='bbox 1001 3333 1193 3400; x_wconf 89' lang='lat' dir='ltr'><strong>dissererem</strong></span> <span class='ocrx_word' id='word_1_343' title='bbox 1215 3335 1255 3400; x_wconf 87' lang='lat' dir='ltr'><strong>de</strong></span> <span class='ocrx_word' id='word_1_344' title='bbox 1279 3355 1317 3399; x_wconf 93' lang='lat' dir='ltr'><strong>ea</strong></span> <span class='ocrx_word' id='word_1_345' title='bbox 1335 3357 1383 3421; x_wconf 90' lang='lat' dir='ltr'><strong>re,</strong></span> <span class='ocrx_word' id='word_1_346' title='bbox 1406 3335 1434 3400; x_wconf 90' lang='lat' dir='ltr'><strong>si</strong></span> <span class='ocrx_word' id='word_1_347' title='bbox 1454 3335 1543 3400; x_wconf 89' lang='lat' dir='ltr'><strong>solus</strong></span> <span class='ocrx_word' id='word_1_348' title='bbox 1562 3331 1808 3398; x_wconf 77' lang='lat' dir='ltr'><strong>Schneidewinus</strong></span> <span class='ocrx_word' id='word_1_349' title='bbox 1827 3332 2002 3420; x_wconf 87' lang='lat' dir='ltr'><strong>„Palatino</strong></span> 
     </span>
     <span class='ocr_line' id='line_1_29' title="bbox 250 3438 2004 3527; baseline 0.004 -25"><span class='ocrx_word' id='word_1_350' title='bbox 250 3438 356 3504; x_wconf 88' lang='lat' dir='ltr'><strong>locum</strong></span> <span class='ocrx_word' id='word_1_351' title='bbox 389 3440 480 3505; x_wconf 83' lang='lat' dir='ltr'><strong>iuxta</strong></span> <span class='ocrx_word' id='word_1_352' title='bbox 511 3439 652 3506; x_wconf 87' lang='lat' dir='ltr'><strong>familias</strong></span> <span class='ocrx_word' id='word_1_353' title='bbox 680 3440 710 3505; x_wconf 81' lang='lat' dir='ltr'><strong>A</strong></span> <span class='ocrx_word' id='word_1_354' title='bbox 743 3445 776 3505; x_wconf 90' lang='lat' dir='ltr'><strong>et</strong></span> <span class='ocrx_word' id='word_1_355' title='bbox 808 3439 853 3506; x_wconf 83' lang='grc'><strong>0·</strong></span> <span class='ocrx_word' id='word_1_356' title='bbox 880 3444 928 3506; x_wconf 89' lang='lat' dir='ltr'><strong>ita</strong></span> <span class='ocrx_word' id='word_1_357' title='bbox 960 3441 1186 3527; x_wconf 88' lang='lat' dir='ltr'><strong>concessisset,</strong></span> <span class='ocrx_word' id='word_1_358' title='bbox 1218 3446 1255 3506; x_wconf 93' lang='lat' dir='ltr'><strong>ut</strong></span> <span class='ocrx_word' id='word_1_359' title='bbox 1285 3442 1342 3506; x_wconf 89' lang='lat' dir='ltr'><strong>ubi</strong></span> <span class='ocrx_word' id='word_1_360' title='bbox 1375 3440 1464 3506; x_wconf 90' lang='lat' dir='ltr'><strong>solus</strong></span> <span class='ocrx_word' id='word_1_361' title='bbox 1497 3441 1562 3506; x_wconf 88' lang='lat' dir='ltr'><strong>alia</strong></span> <span class='ocrx_word' id='word_1_362' title='bbox 1592 3439 1740 3525; x_wconf 87' lang='lat' dir='ltr'><strong>haberet,</strong></span> <span class='ocrx_word' id='word_1_363' title='bbox 1771 3442 1824 3506; x_wconf 81' lang='lat' dir='ltr'><strong>vel</strong></span> <span class='ocrx_word' id='word_1_364' title='bbox 1855 3443 2004 3527; x_wconf 87' lang='lat' dir='ltr'><strong>spaciosa</strong></span> 
     </span>
     <span class='ocr_line' id='line_1_30' title="bbox 249 3544 2002 3636; baseline 0.003 -26"><span class='ocrx_word' id='word_1_365' title='bbox 249 3545 440 3631; x_wconf 87' lang='lat' dir='ltr'><strong>spemeret“</strong></span> <span class='ocrx_word' id='word_1_366' title='bbox 464 3544 509 3633; x_wconf 87' lang='lat' dir='ltr'><strong>(p.</strong></span> <span class='ocrx_word' id='word_1_367' title='bbox 529 3545 697 3634; x_wconf 86' lang='lat' dir='ltr'><strong>CXVIII);</strong></span> <span class='ocrx_word' id='word_1_368' title='bbox 728 3571 803 3614; x_wconf 88' lang='lat' dir='ltr'><strong>nam</strong></span> <span class='ocrx_word' id='word_1_369' title='bbox 828 3569 891 3634; x_wconf 89' lang='lat' dir='ltr'><strong>quo</strong></span> <span class='ocrx_word' id='word_1_370' title='bbox 915 3549 1020 3633; x_wconf 85' lang='lat' dir='ltr'><strong>magis</strong></span> <span class='ocrx_word' id='word_1_371' title='bbox 1044 3553 1272 3634; x_wconf 87' lang='lat' dir='ltr'><strong>processerunt</strong></span> <span class='ocrx_word' id='word_1_372' title='bbox 1294 3547 1403 3614; x_wconf 88' lang='lat' dir='ltr'><strong>studia</strong></span> <span class='ocrx_word' id='word_1_373' title='bbox 1426 3549 1510 3632; x_wconf 90' lang='lat' dir='ltr'><strong>eius,</strong></span> <span class='ocrx_word' id='word_1_374' title='bbox 1533 3569 1570 3613; x_wconf 89' lang='lat' dir='ltr'><strong>eo</strong></span> <span class='ocrx_word' id='word_1_375' title='bbox 1590 3546 1711 3632; x_wconf 84' lang='lat' dir='ltr'><strong>magis,</strong></span> <span class='ocrx_word' id='word_1_376' title='bbox 1735 3570 1832 3634; x_wconf 89' lang='lat' dir='ltr'><strong>quam</strong></span> <span class='ocrx_word' id='word_1_377' title='bbox 1851 3550 2002 3636; x_wconf 80' lang='lat' dir='ltr'><strong>egregius</strong></span> 
     </span>
     <span class='ocr_line' id='line_1_31' title="bbox 249 3651 2003 3742; baseline 0.005 -26"><span class='ocrx_word' id='word_1_378' title='bbox 249 3656 336 3717; x_wconf 82' lang='lat' dir='ltr'><strong>esset</strong></span> <span class='ocrx_word' id='word_1_379' title='bbox 359 3651 543 3740; x_wconf 88' lang='lat' dir='ltr'><strong>Palatinus,</strong></span> <span class='ocrx_word' id='word_1_380' title='bbox 570 3655 621 3718; x_wconf 84' lang='lat' dir='ltr'><strong>vir</strong></span> <span class='ocrx_word' id='word_1_381' title='bbox 644 3655 758 3720; x_wconf 86' lang='lat' dir='ltr'><strong>doctus</strong></span> <span class='ocrx_word' id='word_1_382' title='bbox 781 3655 960 3742; x_wconf 89' lang='lat' dir='ltr'><strong>intellexit,</strong></span> <span class='ocrx_word' id='word_1_383' title='bbox 981 3661 1013 3721; x_wconf 90' lang='lat' dir='ltr'><strong>et</strong></span> <span class='ocrx_word' id='word_1_384' title='bbox 1035 3655 1070 3720; x_wconf 92' lang='lat' dir='ltr'><strong>in</strong></span> <span class='ocrx_word' id='word_1_385' title='bbox 1093 3656 1198 3722; x_wconf 86' lang='lat' dir='ltr'><strong>altera</strong></span> <span class='ocrx_word' id='word_1_386' title='bbox 1225 3655 1366 3721; x_wconf 89' lang='lat' dir='ltr'><strong>editione</strong></span> <span class='ocrx_word' id='word_1_387' title='bbox 1390 3655 1503 3720; x_wconf 90' lang='lat' dir='ltr'><strong>multis</strong></span> <span class='ocrx_word' id='word_1_388' title='bbox 1526 3654 1606 3721; x_wconf 85' lang='lat' dir='ltr'><strong>locis</strong></span> <span class='ocrx_word' id='word_1_389' title='bbox 1625 3653 1769 3720; x_wconf 89' lang='lat' dir='ltr'><strong>Palatini</strong></span> <span class='ocrx_word' id='word_1_390' title='bbox 1789 3655 1945 3723; x_wconf 89' lang='lat' dir='ltr'><strong>lectiones</strong></span> <span class='ocrx_word' id='word_1_391' title='bbox 1968 3659 2003 3724; x_wconf 92' lang='lat' dir='ltr'><strong>in</strong></span> 
     </span>
     <span class='ocr_line' id='line_1_32' title="bbox 248 3759 2001 3850; baseline 0.005 -27"><span class='ocrx_word' id='word_1_392' title='bbox 248 3760 356 3843; x_wconf 88' lang='lat' dir='ltr'><strong>priore</strong></span> <span class='ocrx_word' id='word_1_393' title='bbox 375 3761 563 3846; x_wconf 79' lang='lat' dir='ltr'><strong>repudiatas</strong></span> <span class='ocrx_word' id='word_1_394' title='bbox 582 3761 718 3846; x_wconf 89' lang='lat' dir='ltr'><strong>recepit,</strong></span> <span class='ocrx_word' id='word_1_395' title='bbox 736 3769 774 3826; x_wconf 89' lang='lat' dir='ltr'><strong>ut</strong></span> <span class='ocrx_word' id='word_1_396' title='bbox 797 3763 831 3826; x_wconf 96' lang='lat' dir='ltr'><strong>in</strong></span> <span class='ocrx_word' id='word_1_397' title='bbox 849 3763 974 3828; x_wconf 86' lang='lat' dir='ltr'><strong>duobus</strong></span> <span class='ocrx_word' id='word_1_398' title='bbox 993 3762 1108 3847; x_wconf 87' lang='lat' dir='ltr'><strong>primis</strong></span> <span class='ocrx_word' id='word_1_399' title='bbox 1126 3761 1220 3828; x_wconf 87' lang='lat' dir='ltr'><strong>libris</strong></span> <span class='ocrx_word' id='word_1_400' title='bbox 1240 3763 1358 3848; x_wconf 82' lang='lat' dir='ltr'><strong>viginti</strong></span> <span class='ocrx_word' id='word_1_401' title='bbox 1378 3761 1502 3828; x_wconf 90' lang='lat' dir='ltr'><strong>duobus</strong></span> <span class='ocrx_word' id='word_1_402' title='bbox 1517 3761 1664 3826; x_wconf 83' lang='lat' dir='ltr'><strong>versibus</strong></span> <span class='ocrx_word' id='word_1_403' title='bbox 1684 3759 1732 3850; x_wconf 86' lang='grc' dir='ltr'><strong>(Ι,</strong></span> <span class='ocrx_word' id='word_1_404' title='bbox 1746 3763 1779 3848; x_wconf 90' lang='lat'><strong>6,</strong></span> <span class='ocrx_word' id='word_1_405' title='bbox 1794 3763 1824 3829; x_wconf 85' lang='lat'><strong>5.</strong></span> <span class='ocrx_word' id='word_1_406' title='bbox 1857 3763 1886 3848; x_wconf 89' lang='grc' dir='ltr'><strong>Ι,</strong></span> <span class='ocrx_word' id='word_1_407' title='bbox 1903 3765 1956 3850; x_wconf 80' lang='grc'><strong>15,</strong></span> <span class='ocrx_word' id='word_1_408' title='bbox 1971 3765 2001 3832; x_wconf 86' lang='grc'><strong>5.</strong></span> 
     </span>
     <span class='ocr_line' id='line_1_33' title="bbox 247 3863 2001 3956; baseline 0.004 -26"><span class='ocrx_word' id='word_1_409' title='bbox 247 3863 277 3952; x_wconf 96' lang='grc' dir='ltr'><strong>Ι,</strong></span> <span class='ocrx_word' id='word_1_410' title='bbox 293 3867 344 3954; x_wconf 90' lang='grc'><strong>18,</strong></span> <span class='ocrx_word' id='word_1_411' title='bbox 359 3867 387 3932; x_wconf 91' lang='grc'><strong>6.</strong></span> <span class='ocrx_word' id='word_1_412' title='bbox 421 3868 560 3953; x_wconf 79' lang='lat'><strong>1,34,7.</strong></span> <span class='ocrx_word' id='word_1_413' title='bbox 593 3867 689 3954; x_wconf 85' lang='grc' dir='ltr'>Ι,40,</span> <span class='ocrx_word' id='word_1_414' title='bbox 706 3869 755 3933; x_wconf 92' lang='grc'><strong>11.</strong></span> <span class='ocrx_word' id='word_1_415' title='bbox 786 3868 816 3952; x_wconf 92' lang='lat' dir='ltr'><strong>I,</strong></span> <span class='ocrx_word' id='word_1_416' title='bbox 830 3869 883 3954; x_wconf 76' lang='lat'><strong>57,</strong></span> <span class='ocrx_word' id='word_1_417' title='bbox 897 3871 926 3933; x_wconf 88' lang='lat'><strong>3.</strong></span> <span class='ocrx_word' id='word_1_418' title='bbox 958 3868 1143 3955; x_wconf 81' lang='grc' dir='ltr'>Ι,89,2.5.</span> <span class='ocrx_word' id='word_1_419' title='bbox 1177 3869 1204 3956; x_wconf 93' lang='grc' dir='ltr'><strong>Ι,</strong></span> <span class='ocrx_word' id='word_1_420' title='bbox 1219 3869 1319 3956; x_wconf 81' lang='grc'>93,4;</span> <span class='ocrx_word' id='word_1_421' title='bbox 1337 3870 1412 3954; x_wconf 83' lang='lat' dir='ltr'><strong>plus</strong></span> <span class='ocrx_word' id='word_1_422' title='bbox 1434 3875 1536 3935; x_wconf 80' lang='lat' dir='ltr'><strong>tamen</strong></span> <span class='ocrx_word' id='word_1_423' title='bbox 1559 3873 1602 3934; x_wconf 84' lang='lat' dir='ltr'><strong>est</strong></span> <span class='ocrx_word' id='word_1_424' title='bbox 1623 3889 1682 3954; x_wconf 87' lang='lat' dir='ltr'><strong>pro</strong></span> <span class='ocrx_word' id='word_1_425' title='bbox 1706 3869 1888 3952; x_wconf 69' lang='lat' dir='ltr'><strong>imeripnum</strong></span> <span class='ocrx_word' id='word_1_426' title='bbox 1906 3877 2001 3938; x_wconf 80' lang='lat' dir='ltr'><strong>estet</strong></span> 
     </span>
     <span class='ocr_line' id='line_1_34' title="bbox 249 3973 2000 4064; baseline 0.004 -26"><span class='ocrx_word' id='word_1_427' title='bbox 249 3973 321 4056; x_wconf 77' lang='lat' dir='ltr'><strong>lepis</strong></span> <span class='ocrx_word' id='word_1_428' title='bbox 339 3996 398 4059; x_wconf 90' lang='lat' dir='ltr'><strong>pro</strong></span> <span class='ocrx_word' id='word_1_429' title='bbox 418 3975 501 4057; x_wconf 77' lang='lat' dir='ltr'><strong>lepos.</strong></span> <span class='ocrx_word' id='word_1_430' title='bbox 538 3975 722 4060; x_wconf 84' lang='lat'><strong>1,104,10.</strong></span> <span class='ocrx_word' id='word_1_431' title='bbox 755 3975 913 4060; x_wconf 83' lang='lat'><strong>1‚113,5.</strong></span> <span class='ocrx_word' id='word_1_432' title='bbox 944 3976 1074 4061; x_wconf 76' lang='lat'><strong>11‚4,7.</strong></span> <span class='ocrx_word' id='word_1_433' title='bbox 1105 3974 1152 4060; x_wconf 91' lang='grc' dir='ltr'><strong>ΙΙ,</strong></span> <span class='ocrx_word' id='word_1_434' title='bbox 1167 3976 1237 4062; x_wconf 82' lang='grc'>7,5.</span> <span class='ocrx_word' id='word_1_435' title='bbox 1269 3975 1445 4062; x_wconf 81' lang='lat'><strong>11‚14‚15.</strong></span> <span class='ocrx_word' id='word_1_436' title='bbox 1476 3977 1524 4062; x_wconf 87' lang='lat' dir='ltr'><strong>Il,</strong></span> <span class='ocrx_word' id='word_1_437' title='bbox 1538 3977 1631 4062; x_wconf 86' lang='lat'><strong>31,1.</strong></span> <span class='ocrx_word' id='word_1_438' title='bbox 1662 3974 1815 4062; x_wconf 83' lang='grc' dir='ltr'>Π,47,3.</span> <span class='ocrx_word' id='word_1_439' title='bbox 1847 3977 2000 4064; x_wconf 81' lang='grc' dir='ltr'>ΙΙ,55,6.</span> 
     </span>
     <span class='ocr_line' id='line_1_35' title="bbox 247 4079 1999 4172; baseline 0.004 -27"><span class='ocrx_word' id='word_1_440' title='bbox 247 4079 408 4165; x_wconf 89' lang='grc' dir='ltr'>ΙΙ,60,3.</span> <span class='ocrx_word' id='word_1_441' title='bbox 445 4082 492 4167; x_wconf 90' lang='lat' dir='ltr'><strong>II,</strong></span> <span class='ocrx_word' id='word_1_442' title='bbox 507 4082 563 4167; x_wconf 86' lang='grc'><strong>65,</strong></span> <span class='ocrx_word' id='word_1_443' title='bbox 578 4083 607 4148; x_wconf 85' lang='grc'><strong>2.</strong></span> <span class='ocrx_word' id='word_1_444' title='bbox 644 4081 762 4167; x_wconf 77' lang='lat'>11‚75‚</span> <span class='ocrx_word' id='word_1_445' title='bbox 779 4082 807 4147; x_wconf 83' lang='lat' dir='ltr'><strong>l.</strong></span> <span class='ocrx_word' id='word_1_446' title='bbox 839 4080 953 4168; x_wconf 60' lang='lat' dir='ltr'><strong>Iuro.</strong></span> <span class='ocrx_word' id='word_1_447' title='bbox 1000 4080 1161 4148; x_wconf 70' lang='lat' dir='ltr'><strong>orariam</strong></span> <span class='ocrx_word' id='word_1_448' title='bbox 1185 4084 1286 4170; x_wconf 80' lang='lat'><strong>1,50,</strong></span> <span class='ocrx_word' id='word_1_449' title='bbox 1303 4088 1329 4148; x_wconf 91' lang='lat'><strong>1.</strong></span> <span class='ocrx_word' id='word_1_450' title='bbox 1366 4084 1467 4172; x_wconf 83' lang='lat'><strong>1‚53,</strong></span> <span class='ocrx_word' id='word_1_451' title='bbox 1484 4086 1512 4150; x_wconf 95' lang='grc'><strong>1.</strong></span> <span class='ocrx_word' id='word_1_452' title='bbox 1548 4084 1578 4168; x_wconf 95' lang='lat' dir='ltr'><strong>I,</strong></span> <span class='ocrx_word' id='word_1_453' title='bbox 1595 4082 1738 4170; x_wconf 86' lang='grc'>109,13.</span> <span class='ocrx_word' id='word_1_454' title='bbox 1769 4081 1817 4168; x_wconf 91' lang='grc' dir='ltr'><strong>ΙΙ,</strong></span> <span class='ocrx_word' id='word_1_455' title='bbox 1833 4085 1932 4171; x_wconf 85' lang='grc'>14,6.</span> <span class='ocrx_word' id='word_1_456' title='bbox 1949 4087 1999 4152; x_wconf 91' lang='grc'><strong>10.</strong></span> 
     </span>
     <span class='ocr_line' id='line_1_36' title="bbox 248 4185 1999 4279; baseline 0.003 -27"><span class='ocrx_word' id='word_1_457' title='bbox 248 4187 294 4273; x_wconf 90' lang='grc' dir='ltr'><strong>Π,</strong></span> <span class='ocrx_word' id='word_1_458' title='bbox 307 4189 365 4272; x_wconf 85' lang='grc'><strong>90,</strong></span> <span class='ocrx_word' id='word_1_459' title='bbox 379 4185 424 4274; x_wconf 89' lang='grc'><strong>9).</strong></span> <span class='ocrx_word' id='word_1_460' title='bbox 470 4187 546 4274; x_wconf 84' lang='lat' dir='ltr'><strong>Sed,</strong></span> <span class='ocrx_word' id='word_1_461' title='bbox 569 4194 606 4254; x_wconf 91' lang='lat' dir='ltr'><strong>ut</strong></span> <span class='ocrx_word' id='word_1_462' title='bbox 628 4192 754 4254; x_wconf 87' lang='lat' dir='ltr'><strong>taceam</strong></span> <span class='ocrx_word' id='word_1_463' title='bbox 778 4189 817 4253; x_wconf 91' lang='lat' dir='ltr'><strong>de</strong></span> <span class='ocrx_word' id='word_1_464' title='bbox 839 4187 987 4274; x_wconf 86' lang='lat' dir='ltr'><strong>Flachio,</strong></span> <span class='ocrx_word' id='word_1_465' title='bbox 1010 4189 1068 4274; x_wconf 90' lang='lat' dir='ltr'><strong>qui</strong></span> <span class='ocrx_word' id='word_1_466' title='bbox 1086 4188 1229 4255; x_wconf 86' lang='lat' dir='ltr'><strong>Palatini</strong></span> <span class='ocrx_word' id='word_1_467' title='bbox 1253 4189 1408 4257; x_wconf 87' lang='lat' dir='ltr'><strong>lectiones</strong></span> <span class='ocrx_word' id='word_1_468' title='bbox 1431 4213 1528 4275; x_wconf 89' lang='lat' dir='ltr'><strong>saepe</strong></span> <span class='ocrx_word' id='word_1_469' title='bbox 1550 4213 1591 4256; x_wconf 90' lang='lat' dir='ltr'><strong>nc</strong></span> <span class='ocrx_word' id='word_1_470' title='bbox 1611 4194 1842 4255; x_wconf 88' lang='lat' dir='ltr'><strong>commemorat</strong></span> <span class='ocrx_word' id='word_1_471' title='bbox 1861 4191 1999 4279; x_wconf 90' lang='lat' dir='ltr'><strong>quidem,</strong></span> 
     </span>
     <span class='ocr_line' id='line_1_37' title="bbox 248 4293 1999 4384; baseline 0.005 -26"><span class='ocrx_word' id='word_1_472' title='bbox 248 4295 317 4380; x_wconf 90' lang='lat' dir='ltr'><strong>ipse</strong></span> <span class='ocrx_word' id='word_1_473' title='bbox 339 4295 560 4362; x_wconf 78' lang='lat' dir='ltr'><strong>Friedlaender</strong></span> <span class='ocrx_word' id='word_1_474' title='bbox 592 4295 679 4360; x_wconf 89' lang='lat' dir='ltr'><strong>hunc</strong></span> <span class='ocrx_word' id='word_1_475' title='bbox 715 4296 851 4380; x_wconf 88' lang='lat' dir='ltr'><strong>librum,</strong></span> <span class='ocrx_word' id='word_1_476' title='bbox 888 4319 1083 4382; x_wconf 89' lang='lat' dir='ltr'><strong>quamquam</strong></span> <span class='ocrx_word' id='word_1_477' title='bbox 1113 4319 1357 4382; x_wconf 87' lang='lat' dir='ltr'><strong>nonnumquam</strong></span> <span class='ocrx_word' id='word_1_478' title='bbox 1387 4297 1499 4363; x_wconf 89' lang='lat' dir='ltr'><strong>laudat</strong></span> <span class='ocrx_word' id='word_1_479' title='bbox 1529 4293 1590 4384; x_wconf 84' lang='lat' dir='ltr'><strong>(sic</strong></span> <span class='ocrx_word' id='word_1_480' title='bbox 1618 4297 1653 4361; x_wconf 92' lang='lat' dir='ltr'><strong>in</strong></span> <span class='ocrx_word' id='word_1_481' title='bbox 1681 4297 1835 4362; x_wconf 87' lang='lat' dir='ltr'><strong>Bursiens</strong></span> <span class='ocrx_word' id='word_1_482' title='bbox 1865 4297 1999 4366; x_wconf 85' lang='lat' dir='ltr'><strong>Jahres·</strong></span> 
     </span>
     <span class='ocr_line' id='line_1_38' title="bbox 246 4401 1997 4488; baseline 0.004 -21"><span class='ocrx_word' id='word_1_483' title='bbox 246 4403 390 4468; x_wconf 89' lang='lat' dir='ltr'><strong>berichte</strong></span> <span class='ocrx_word' id='word_1_484' title='bbox 413 4402 493 4468; x_wconf 81' lang='lat' dir='ltr'><strong>uber</strong></span> <span class='ocrx_word' id='word_1_485' title='bbox 518 4402 603 4467; x_wconf 78' lang='grc'>1876</span> <span class='ocrx_word' id='word_1_486' title='bbox 625 4426 656 4487; x_wconf 92' lang='lat' dir='ltr'><strong>p.</strong></span> <span class='ocrx_word' id='word_1_487' title='bbox 676 4401 769 4488; x_wconf 85' lang='grc'>209),</span> <span class='ocrx_word' id='word_1_488' title='bbox 787 4408 897 4468; x_wconf 89' lang='lat' dir='ltr'><strong>tamen</strong></span> <span class='ocrx_word' id='word_1_489' title='bbox 921 4404 954 4468; x_wconf 91' lang='lat' dir='ltr'><strong>iu</strong></span> <span class='ocrx_word' id='word_1_490' title='bbox 973 4403 1155 4469; x_wconf 75' lang='lat' dir='ltr'><strong>Recmsrone</strong></span> <span class='ocrx_word' id='word_1_491' title='bbox 1173 4403 1306 4469; x_wconf 69' lang='lat' dir='ltr'><strong>mmm</strong></span> <span class='ocrx_word' id='word_1_492' title='bbox 1324 4405 1358 4469; x_wconf 81' lang='lat' dir='ltr'><strong>iu</strong></span> <span class='ocrx_word' id='word_1_493' title='bbox 1376 4405 1474 4470; x_wconf 81' lang='lat' dir='ltr'><strong>Mart.</strong></span> <span class='ocrx_word' id='word_1_494' title='bbox 1492 4405 1585 4488; x_wconf 75' lang='lat' dir='ltr'><strong>epipr.</strong></span> <span class='ocrx_word' id='word_1_495' title='bbox 1603 4409 1815 4488; x_wconf 74' lang='lat' dir='ltr'><strong>cormeplornm</strong></span> <span class='ocrx_word' id='word_1_496' title='bbox 1833 4404 1997 4474; x_wconf 90' lang='lat' dir='ltr'><strong>codicibus</strong></span> 
     </span>
     <span class='ocr_line' id='line_1_39' title="bbox 246 4508 1998 4598; baseline 0.004 -25"><span class='ocrx_word' id='word_1_497' title='bbox 246 4509 473 4594; x_wconf 52' lang='lat' dir='ltr'><strong>„mammet</strong></span> <span class='ocrx_word' id='word_1_498' title='bbox 498 4508 531 4573; x_wconf 95' lang='lat' dir='ltr'><strong>id</strong></span> <span class='ocrx_word' id='word_1_499' title='bbox 559 4514 609 4574; x_wconf 88' lang='lat' dir='ltr'><strong>cst</strong></span> <span class='ocrx_word' id='word_1_500' title='bbox 635 4508 778 4575; x_wconf 82' lang='lat' dir='ltr'><strong>familiae</strong></span> <span class='ocrx_word' id='word_1_501' title='bbox 810 4508 864 4596; x_wconf 71' lang='grc' dir='ltr'><strong>θ’,</strong></span> <span class='ocrx_word' id='word_1_502' title='bbox 894 4515 930 4575; x_wconf 87' lang='lat' dir='ltr'><strong>ut</strong></span> <span class='ocrx_word' id='word_1_503' title='bbox 964 4533 1063 4576; x_wconf 89' lang='lat' dir='ltr'><strong>unum</strong></span> <span class='ocrx_word' id='word_1_504' title='bbox 1093 4533 1132 4576; x_wconf 84' lang='lat' dir='ltr'><strong>ex</strong></span> <span class='ocrx_word' id='word_1_505' title='bbox 1165 4511 1402 4595; x_wconf 74' lang='lat' dir='ltr'><strong>„irrterpobrtc&#39;s“</strong></span> <span class='ocrx_word' id='word_1_506' title='bbox 1431 4511 1580 4598; x_wconf 90' lang='lat' dir='ltr'><strong>opponit,</strong></span> <span class='ocrx_word' id='word_1_507' title='bbox 1609 4511 1706 4596; x_wconf 88' lang='lat' dir='ltr'><strong>idque</strong></span> <span class='ocrx_word' id='word_1_508' title='bbox 1735 4533 1801 4576; x_wconf 91' lang='lat' dir='ltr'><strong>non</strong></span> <span class='ocrx_word' id='word_1_509' title='bbox 1830 4511 1927 4578; x_wconf 93' lang='lat' dir='ltr'><strong>modo</strong></span> <span class='ocrx_word' id='word_1_510' title='bbox 1957 4516 1998 4580; x_wconf 91' lang='lat' dir='ltr'><strong>ad</strong></span> 
     </span>
     <span class='ocr_line' id='line_1_40' title="bbox 247 4615 1998 4706; baseline 0.003 -26"><span class='ocrx_word' id='word_1_511' title='bbox 247 4615 310 4701; x_wconf 93' lang='grc' dir='ltr'>ΙΙΙ,</span> <span class='ocrx_word' id='word_1_512' title='bbox 324 4617 381 4702; x_wconf 87' lang='lat'><strong>50,</strong></span> <span class='ocrx_word' id='word_1_513' title='bbox 396 4617 425 4701; x_wconf 78' lang='grc' dir='ltr'><strong>Ι,</strong></span> <span class='ocrx_word' id='word_1_514' title='bbox 444 4616 501 4681; x_wconf 95' lang='lat' dir='ltr'><strong>ubi</strong></span> <span class='ocrx_word' id='word_1_515' title='bbox 518 4615 544 4680; x_wconf 94' lang='lat' dir='ltr'><strong>P</strong></span> <span class='ocrx_word' id='word_1_516' title='bbox 559 4637 661 4701; x_wconf 88' lang='lat' dir='ltr'><strong>acque</strong></span> <span class='ocrx_word' id='word_1_517' title='bbox 675 4616 890 4701; x_wconf 89' lang='lat' dir='ltr'><strong>interpolatus</strong></span> <span class='ocrx_word' id='word_1_518' title='bbox 905 4624 957 4684; x_wconf 90' lang='lat' dir='ltr'><strong>est</strong></span> <span class='ocrx_word' id='word_1_519' title='bbox 970 4623 1068 4704; x_wconf 87' lang='lat' dir='ltr'><strong>atquc</strong></span> <span class='ocrx_word' id='word_1_520' title='bbox 1081 4618 1155 4684; x_wconf 90' lang='lat' dir='ltr'><strong>aliis</strong></span> <span class='ocrx_word' id='word_1_521' title='bbox 1169 4617 1250 4683; x_wconf 90' lang='lat' dir='ltr'><strong>locis</strong></span> <span class='ocrx_word' id='word_1_522' title='bbox 1265 4616 1356 4704; x_wconf 84' lang='lat' dir='ltr'><strong>(XII,</strong></span> <span class='ocrx_word' id='word_1_523' title='bbox 1370 4618 1427 4704; x_wconf 84' lang='lat'><strong>50,</strong></span> <span class='ocrx_word' id='word_1_524' title='bbox 1443 4620 1459 4681; x_wconf 87' lang='lat'>1</span> <span class='ocrx_word' id='word_1_525' title='bbox 1481 4618 1658 4704; x_wconf 86' lang='lat' dir='ltr'><strong>multisque</strong></span> <span class='ocrx_word' id='word_1_526' title='bbox 1672 4615 1853 4706; x_wconf 90' lang='lat' dir='ltr'><strong>praeterea)</strong></span> <span class='ocrx_word' id='word_1_527' title='bbox 1871 4618 1998 4686; x_wconf 80' lang='lat' dir='ltr'><strong>familia</strong></span> 
     </span>
     <span class='ocr_line' id='line_1_41' title="bbox 248 4721 1997 4813; baseline 0.003 -25"><span class='ocrx_word' id='word_1_528' title='bbox 248 4721 301 4809; x_wconf 67' lang='grc' dir='ltr'><strong>θ’,</strong></span> <span class='ocrx_word' id='word_1_529' title='bbox 324 4724 381 4790; x_wconf 87' lang='lat' dir='ltr'><strong>sed</strong></span> <span class='ocrx_word' id='word_1_530' title='bbox 403 4723 502 4790; x_wconf 91' lang='lat' dir='ltr'><strong>etiam</strong></span> <span class='ocrx_word' id='word_1_531' title='bbox 526 4723 567 4787; x_wconf 87' lang='lat' dir='ltr'><strong>ad</strong></span> <span class='ocrx_word' id='word_1_532' title='bbox 587 4722 643 4808; x_wconf 90' lang='lat' dir='ltr'><strong>lV,</strong></span> <span class='ocrx_word' id='word_1_533' title='bbox 658 4724 714 4810; x_wconf 88' lang='grc'><strong>61,</strong></span> <span class='ocrx_word' id='word_1_534' title='bbox 729 4724 762 4809; x_wconf 87' lang='grc'><strong>6,</strong></span> <span class='ocrx_word' id='word_1_535' title='bbox 781 4724 837 4790; x_wconf 88' lang='lat' dir='ltr'><strong>ubi</strong></span> <span class='ocrx_word' id='word_1_536' title='bbox 857 4747 968 4792; x_wconf 86' lang='lat' dir='ltr'><strong>verum</strong></span> <span class='ocrx_word' id='word_1_537' title='bbox 987 4727 1137 4792; x_wconf 84' lang='lat' dir='ltr'><strong>servavit.</strong></span> <span class='ocrx_word' id='word_1_538' title='bbox 1175 4725 1335 4792; x_wconf 89' lang='lat' dir='ltr'><strong>Videntur</strong></span> <span class='ocrx_word' id='word_1_539' title='bbox 1357 4725 1418 4790; x_wconf 85' lang='lat' dir='ltr'><strong>riri</strong></span> <span class='ocrx_word' id='word_1_540' title='bbox 1442 4725 1528 4791; x_wconf 91' lang='lat' dir='ltr'><strong>docti</strong></span> <span class='ocrx_word' id='word_1_541' title='bbox 1547 4748 1586 4792; x_wconf 90' lang='lat' dir='ltr'><strong>ea</strong></span> <span class='ocrx_word' id='word_1_542' title='bbox 1603 4725 1638 4790; x_wconf 90' lang='lat' dir='ltr'><strong>in</strong></span> <span class='ocrx_word' id='word_1_543' title='bbox 1656 4746 1691 4791; x_wconf 88' lang='lat' dir='ltr'><strong>re</strong></span> <span class='ocrx_word' id='word_1_544' title='bbox 1710 4725 1896 4813; x_wconf 84' lang='lat' dir='ltr'><strong>offendisse,</strong></span> <span class='ocrx_word' id='word_1_545' title='bbox 1911 4729 1997 4813; x_wconf 91' lang='lat' dir='ltr'><strong>quod</strong></span> 
     </span>
     <span class='ocr_line' id='line_1_42' title="bbox 246 4829 1997 4923; baseline 0.004 -29"><span class='ocrx_word' id='word_1_546' title='bbox 246 4829 415 4896; x_wconf 89' lang='lat' dir='ltr'><strong>Palatinus</strong></span> <span class='ocrx_word' id='word_1_547' title='bbox 439 4853 521 4896; x_wconf 88' lang='lat' dir='ltr'><strong>saec.</strong></span> <span class='ocrx_word' id='word_1_548' title='bbox 540 4830 601 4895; x_wconf 89' lang='lat' dir='ltr'><strong>XV</strong></span> <span class='ocrx_word' id='word_1_549' title='bbox 625 4831 766 4915; x_wconf 88' lang='lat' dir='ltr'><strong>scriptus</strong></span> <span class='ocrx_word' id='word_1_550' title='bbox 789 4837 852 4918; x_wconf 81' lang='lat' dir='ltr'><strong>est3</strong></span> <span class='ocrx_word' id='word_1_551' title='bbox 875 4832 932 4897; x_wconf 90' lang='lat' dir='ltr'><strong>sed</strong></span> <span class='ocrx_word' id='word_1_552' title='bbox 951 4838 988 4899; x_wconf 91' lang='lat' dir='ltr'><strong>ut</strong></span> <span class='ocrx_word' id='word_1_553' title='bbox 1011 4834 1050 4900; x_wconf 88' lang='lat' dir='ltr'><strong>de</strong></span> <span class='ocrx_word' id='word_1_554' title='bbox 1074 4838 1255 4899; x_wconf 90' lang='lat' dir='ltr'><strong>ceterorum</strong></span> <span class='ocrx_word' id='word_1_555' title='bbox 1273 4832 1417 4900; x_wconf 86' lang='lat' dir='ltr'><strong>familiae</strong></span> <span class='ocrx_word' id='word_1_556' title='bbox 1436 4833 1464 4900; x_wconf 92' lang='grc' dir='ltr'>Β</span> <span class='ocrx_word' id='word_1_557' title='bbox 1485 4832 1631 4899; x_wconf 92' lang='lat' dir='ltr'><strong>codicum</strong></span> <span class='ocrx_word' id='word_1_558' title='bbox 1648 4837 1756 4899; x_wconf 85' lang='lat' dir='ltr'><strong>aetate</strong></span> <span class='ocrx_word' id='word_1_559' title='bbox 1774 4855 1840 4900; x_wconf 91' lang='lat' dir='ltr'><strong>non</strong></span> <span class='ocrx_word' id='word_1_560' title='bbox 1858 4839 1997 4923; x_wconf 87' lang='lat' dir='ltr'><strong>constat,</strong></span> 
     </span>
     <span class='ocr_line' id='line_1_43' title="bbox 246 4935 1995 5028; baseline 0.003 -26"><span class='ocrx_word' id='word_1_561' title='bbox 246 4939 293 5003; x_wconf 89' lang='lat' dir='ltr'><strong>ita</strong></span> <span class='ocrx_word' id='word_1_562' title='bbox 322 4939 362 5003; x_wconf 91' lang='lat' dir='ltr'><strong>de</strong></span> <span class='ocrx_word' id='word_1_563' title='bbox 385 4937 411 5003; x_wconf 92' lang='lat' dir='ltr'><strong>P</strong></span> <span class='ocrx_word' id='word_1_564' title='bbox 434 4943 520 5004; x_wconf 89' lang='lat' dir='ltr'><strong>recte</strong></span> <span class='ocrx_word' id='word_1_565' title='bbox 544 4935 807 5004; x_wconf 84' lang='lat' dir='ltr'><strong>Schneidewinus</strong></span> <span class='ocrx_word' id='word_1_566' title='bbox 838 4937 882 5024; x_wconf 89' lang='lat' dir='ltr'><strong>(p</strong></span> <span class='ocrx_word' id='word_1_567' title='bbox 901 4937 1052 5026; x_wconf 72' lang='lat' dir='ltr'><strong>xovm:</strong></span> <span class='ocrx_word' id='word_1_568' title='bbox 1081 4939 1310 5026; x_wconf 89' lang='lat' dir='ltr'><strong>„Vetustum</strong></span> <span class='ocrx_word' id='word_1_569' title='bbox 1341 4940 1428 5025; x_wconf 91' lang='lat' dir='ltr'><strong>quod</strong></span> <span class='ocrx_word' id='word_1_570' title='bbox 1458 4940 1653 5025; x_wconf 88' lang='lat' dir='ltr'><strong>sequebatur</strong></span> <span class='ocrx_word' id='word_1_571' title='bbox 1683 4941 1896 5028; x_wconf 82' lang='lat' dir='ltr'><strong>archetypum</strong></span> <span class='ocrx_word' id='word_1_572' title='bbox 1926 4947 1995 5008; x_wconf 86' lang='lat' dir='ltr'><strong>tam</strong></span> 
     </span>
     <span class='ocr_line' id='line_1_44' title="bbox 245 5045 1995 5137; baseline 0.004 -27"><span class='ocrx_word' id='word_1_573' title='bbox 245 5045 421 5112; x_wconf 87' lang='lat' dir='ltr'><strong>fideliter</strong></span> <span class='ocrx_word' id='word_1_574' title='bbox 444 5045 622 5110; x_wconf 88' lang='lat' dir='ltr'><strong>reddidisse</strong></span> <span class='ocrx_word' id='word_1_575' title='bbox 646 5045 797 5112; x_wconf 90' lang='lat' dir='ltr'><strong>librarius</strong></span> <span class='ocrx_word' id='word_1_576' title='bbox 822 5046 963 5130; x_wconf 84' lang='lat' dir='ltr'><strong>videtur,</strong></span> <span class='ocrx_word' id='word_1_577' title='bbox 988 5053 1024 5112; x_wconf 92' lang='lat' dir='ltr'><strong>ut</strong></span> <span class='ocrx_word' id='word_1_578' title='bbox 1042 5046 1106 5112; x_wconf 90' lang='lat' dir='ltr'><strong>eibi</strong></span> <span class='ocrx_word' id='word_1_579' title='bbox 1123 5048 1179 5112; x_wconf 81' lang='lat' dir='ltr'><strong>vix</strong></span> <span class='ocrx_word' id='word_1_580' title='bbox 1198 5047 1375 5134; x_wconf 89' lang='lat' dir='ltr'><strong>quidquam</strong></span> <span class='ocrx_word' id='word_1_581' title='bbox 1393 5052 1520 5114; x_wconf 88' lang='lat' dir='ltr'><strong>mutare</strong></span> <span class='ocrx_word' id='word_1_582' title='bbox 1538 5047 1635 5114; x_wconf 84' lang='lat' dir='ltr'><strong>licere</strong></span> <span class='ocrx_word' id='word_1_583' title='bbox 1653 5048 1849 5134; x_wconf 83' lang='lat' dir='ltr'><strong>putaverit“.</strong></span> <span class='ocrx_word' id='word_1_584' title='bbox 1887 5049 1995 5137; x_wconf 75' lang='lat' dir='ltr'><strong>Atque</strong></span> 
     </span>
     <span class='ocr_line' id='line_1_45' title="bbox 245 5141 2008 5242; baseline 0.004 -23"><span class='ocrx_word' id='word_1_585' title='bbox 245 5152 415 5239; x_wconf 90' lang='lat' dir='ltr'><strong>permultis</strong></span> <span class='ocrx_word' id='word_1_586' title='bbox 445 5153 539 5238; x_wconf 89' lang='lat' dir='ltr'><strong>locis,</strong></span> <span class='ocrx_word' id='word_1_587' title='bbox 571 5152 627 5217; x_wconf 91' lang='lat' dir='ltr'><strong>ubi</strong></span> <span class='ocrx_word' id='word_1_588' title='bbox 656 5152 783 5218; x_wconf 86' lang='lat' dir='ltr'><strong>familia</strong></span> <span class='ocrx_word' id='word_1_589' title='bbox 813 5151 859 5220; x_wconf 79' lang='lat' dir='ltr'><strong>C·</strong></span> <span class='ocrx_word' id='word_1_590' title='bbox 882 5153 916 5218; x_wconf 92' lang='lat' dir='ltr'><strong>in</strong></span> <span class='ocrx_word' id='word_1_591' title='bbox 946 5153 1058 5240; x_wconf 86' lang='lat' dir='ltr'><strong>inepta</strong></span> <span class='ocrx_word' id='word_1_592' title='bbox 1088 5154 1182 5242; x_wconf 91' lang='lat' dir='ltr'><strong>abiit,</strong></span> <span class='ocrx_word' id='word_1_593' title='bbox 1212 5154 1317 5220; x_wconf 92' lang='lat' dir='ltr'><strong>solum</strong></span> <span class='ocrx_word' id='word_1_594' title='bbox 1343 5154 1527 5222; x_wconf 86' lang='lat' dir='ltr'><strong>Palatinum</strong></span> <span class='ocrx_word' id='word_1_595' title='bbox 1557 5156 1757 5242; x_wconf 87' lang='lat' dir='ltr'><strong>sequendum</strong></span> <span class='ocrx_word' id='word_1_596' title='bbox 1787 5179 1871 5242; x_wconf 89' lang='lat' dir='ltr'><strong>asse,</strong></span> <span class='ocrx_word' id='word_1_597' title='bbox 1900 5141 2008 5226; x_wconf 84' lang='lat' dir='ltr'><strong>nemo</strong></span> 
     </span>
    </p>
   </div>
   <div class='ocr_carea' id='block_1_3' title="bbox 1765 5286 1781 5334">
    <p class='ocr_par' dir='ltr' id='par_1_4' title="bbox 1765 5286 1781 5334">
     <span class='ocr_line' id='line_1_46' title="bbox 1765 5286 1781 5334; baseline 0 0"><span class='ocrx_word' id='word_1_598' title='bbox 1765 5286 1781 5334; x_wconf 82' lang='lat'>8</span> 
     </span>
    </p>
   </div>
   <div class='ocr_carea' id='block_1_4' title="bbox 0 0 2390 5932">
    <p class='ocr_par' dir='ltr' id='par_1_5' title="bbox 0 0 2390 5932">
     <span class='ocr_line' id='line_1_47' title="bbox 0 0 2390 5932; baseline 0 0"><span class='ocrx_word' id='word_1_599' title='bbox 0 0 2390 5932; x_wconf 95' lang='lat' dir='ltr'><strong> </strong></span> 
     </span>
    </p>
   </div>
  </div>
 </body>
</html>
