4770 5932
1134 347 1156 419 3

425 551 587 622 x,34‚5:
627 551 781 638 Traiane,
812 555 868 639 qui
898 558 1149 639 patronorum
1176 558 1252 641 jura
1285 557 1431 624 restituit
1462 558 1505 646 (v.
1525 561 1554 625 3.
1574 556 1624 647 4),
1648 560 1728 627 dicit
1755 566 1867 647 poeta:
1899 562 2025 647 Dianas

263 678 293 722 cr
315 661 351 721 ut
367 659 469 740 possis
492 662 604 724 totum
626 680 747 726 aurare
769 658 914 728 cluentem.
959 661 1006 728 Ut
1029 669 1124 728 toturn
1142 663 1279 730 clientem
1298 686 1370 730 cum
1390 666 1554 733 veteribus
1574 668 1752 734 editoribus
1772 669 2025 755 interpretemur

263 786 366 830 omncs
397 767 475 832 ciues
505 765 664 833 Romanos
694 773 731 832 ut
762 773 829 834 tuos
861 767 896 858 (i.
915 793 942 836 e.
960 767 1182 859 imperatoris)
1216 771 1349 858 azimus,
1381 795 1420 838 eo
1453 774 1561 839 minus
1594 778 1705 860 potest
1733 777 1816 862 fieri,
1845 777 1931 862 quod
1961 779 2024 843 hoc

264 873 502 958 epigrammate
532 879 643 960 aperte
674 875 808 940 clientes
841 880 875 941 et
906 878 1036 962 patroni
1065 877 1151 944 inter
1180 901 1216 945 se
1246 883 1464 964 opponuntur.
1518 879 1665 948 Conicio:
1696 885 1808 950 ctiam
1837 905 1957 950 sanare
1987 887 2023 952 cl.

263 977 348 1046 Nam
371 985 409 1046 ut
434 985 529 1046 totum
551 981 698 1068 ineptum
722 985 787 1068 est,
809 983 858 1048 ita
880 984 973 1049 etiam
995 985 1084 1050 vocis
1108 986 1199 1051 notio
1223 989 1414 1053 necessaria.

423 1123 509 1200 XIV,
524 1125 578 1187 26:
740 1125 886 1194 Carutc'ca
910 1127 1089 1194 Teutonicas
1111 1129 1247 1194 accendit
1267 1125 1547 1214 spuma'capittos:

851 1233 990 1318 Captivis
1004 1235 1123 1320 pomis
1144 1236 1254 1302 amor
1276 1257 1338 1302 esse
1360 1239 1462 1304 comis.

262 1374 382 1441 Mirum
405 1374 534 1441 videtur
563 1397 731 1462 saponem,
761 1399 824 1462 quo
849 1377 936 1443 Galli
967 1383 1001 1443 et
1024 1377 1179 1444 Germani
1202 1379 1306 1445 crines
1330 1380 1524 1462 rutilabant,
1555 1381 1759 1447 causticam
1781 1401 1925 1466 spumam
1949 1383 2021 1452 diei.

262 1481 348 1548 Nam
379 1483 596 1549 causticorum
627 1507 697 1550 eam
723 1485 896 1570 rimasse,
925 1490 961 1551 ut
989 1486 1124 1570 pusulae
1154 1486 1188 1550 in
1219 1490 1292 1552 cute
1324 1492 1398 1552 usta
1421 1489 1502 1553 fiant
1525 1489 1648 1574 pilique
1671 1488 1836 1576 decidant,
1859 1513 1898 1556 ex
1921 1490 2021 1556 Plinii

262 1590 405 1656 naturali
426 1591 565 1656 historia
588 1589 639 1677 (ut
661 1590 783 1677 XXVI,
798 1592 849 1657 65.
881 1591 1022 1678 XXVII,
1037 1593 1088 1660 72.
1104 1591 1160 1680 ll)
1186 1593 1396 1660 notissimum
1421 1599 1486 1660 est:
1522 1617 1626 1682 neque
1651 1600 1783 1682 poterat
1807 1597 1842 1662 in
1870 1597 2020 1684 ungendo

263 1699 396 1783 capillo,
413 1721 454 1764 ne
473 1698 674 1765 medicamen
692 1700 871 1784 attingeret
889 1705 1009 1786 cutem,
1028 1701 1144 1766 caven.
1181 1699 1244 1767 Sed
1262 1701 1394 1767 omnino
1414 1724 1493 1788 sapo
1512 1703 1579 1768 vim
1598 1703 1776 1769 causticam
1789 1725 1854 1770 non
1867 1704 2021 1791 habebat,

263 1806 324 1872 etsi
355 1829 429 1872 eum
451 1806 593 1891 legimus
623 1806 658 1871 in
680 1807 824 1872 caustica
854 1808 989 1874 missum
1013 1830 1097 1874 esse:
1128 1829 1232 1893 neque
1263 1809 1349 1875 enim
1372 1811 1567 1876 exurebatur
1593 1831 1631 1874 eo
1654 1809 1764 1876 fuscus
1788 1811 1899 1897 capilli
1923 1813 2020 1898 color,

263 1912 318 1978 sed
341 1913 532 1979 illinebatur
554 1915 644 1980 color
666 1914 785 1979 rutilus
809 1913 952 1980 crinibus
974 1915 1259 2001 praecipue.canis
1283 1914 1392 2002 (Mart.
1411 1915 1499 2002 XIV,
1522 1919 1581 1983 27:
1615 1939 1711 1996 cana;
1751 1918 1789 1983 cf.
1809 1917 1908 1985 etiam
1928 1919 2019 1986 Ovid.

262 2041 290 2085 a.
304 2043 332 2085 a.
346 2019 411 2106 III,
432 2019 524 2107 163),
547 2044 629 2107 quae
649 2025 759 2087 autem
777 2019 972 2088 Plutarchus
991 2023 1025 2087 in
1039 2023 1102 2088 fine
1117 2022 1193 2088 libri
1207 2023 1359 2088 amatorii
1373 2023 1413 2088 de
1428 2021 1542 2089 Sabini
1556 2044 1655 2090 uxore
1668 2028 1783 2090 narrat
1797 2022 1831 2112 (a
1845 2026 2019 2110 Bocttipero

261 2131 534 2195 commemoratus
563 2128 682 2194 Sabina
704 2127 734 2214 Ι,
752 2125 844 2215 138),
872 2129 901 2194 si
931 2131 1063 2195 omnino
1093 2129 1134 2196 ad
1157 2150 1326 2217 saponem,
1356 2151 1420 2216 qua
1451 2129 1490 2196 de
1513 2153 1548 2195 re
1571 2131 1664 2197 valde
1693 2131 1821 2219 dubito,
1845 2137 1931 2199 certe
1953 2155 2019 2200 non

261 2235 392 2300 adsim
416 2237 593 2302 causticam
612 2238 809 2322 pusulasque
832 2235 996 2302 faciendas
1019 2237 1184 2323 pertinent
1207 2235 1368 2326 (λίπασμα
1392 2233 1641 2324 capnoaoco'u).
1687 2237 1779 2304 Libri
1807 2261 1873 2304 non
1895 2239 2019 2306 habent

262 2340 420 2428 Carcatica,
447 2343 503 2410 sed
531 2344 652 2430 partim
683 2340 832 2409 Caelica
866 2341 907 2432 (P
934 2343 1011 2409 fam.
1034 2341 1092 2432 (Ρ)
1126 2344 1247 2430 partim
1282 2345 1428 2412 Cattc'ca
1461 2341 1620 2430 (munus
1646 2343 1698 2434 Τ).
1750 2345 1856 2433 Ergo,
1888 2347 2018 2413 etiarnsi

262 2451 457 2516 adiectivum
493 2447 685 2516 Chatticns
719 2449 793 2515 aliis
828 2449 913 2536 locis·
942 2471 1008 2516 non
1041 2451 1219 2538 invenitur,
1252 2457 1362 2518 tamen
1395 2452 1464 2518 sine
1497 2452 1595 2519 dubio
1629 2450 1801 2520 Chattica
1906 2475 2018 2538 epum

261 2558 464 2624 scribendum
479 2563 545 2643 est,
558 2558 645 2642 quod
658 2558 725 2622 iam
740 2557 970 2623 Beucrlcndum
983 2559 1192 2644 proposuisse
1206 2579 1245 2624 ex
1259 2558 1414 2624 Lemairii
1428 2559 1570 2625 edItione
1584 2560 1688 2628 video.
1721 2559 1769 2627 Cf.
1779 2560 1875 2646 VIII,
1889 2562 1946 2646 33,
1960 2563 2024 2628 202.

261 2671 288 2730 et
310 2671 411 2730 mutat
431 2666 543 2731 Latias
564 2685 675 2750 spncma
697 2666 847 2730 Bataua
869 2687 980 2732 cunae.
1027 2666 1190 2732 Conticere
1214 2671 1324 2732 autem
1351 2688 1495 2750 spumam
1517 2666 1610 2733 illam
1638 2673 1675 2733 ut
1703 2689 1720 2733 e
1744 2667 1849 2734 Gallis
1873 2668 2016 2734 Batavos

260 2773 348 2838 itae
371 2771 540 2838 Germanis
565 2771 702 2838 Chattos
732 2777 869 2858 apparet
898 2774 1045 2858 proximo
1076 2774 1309 2862 epigrammate
1329 2771 1431 2860 (XIV,
1454 2771 1525 2860 27),
1554 2775 1611 2839 ubi
1631 2775 1718 2858 pilae
1734 2776 1905 2842 Mattiacas
1930 2797 2015 2841 cem·

260 2884 495 2966 memorantur,
524 2880 717 2946 Mattianum
741 2880 827 2946 enim
851 2884 902 2946 est
923 2881 1000 2946 urbs
1025 2879 1233 2968 Chattorum,
1256 2888 1290 2948 et
1312 2903 1428 2966 spuma
1451 2881 1534 2948 fiunt
1557 2882 1644 2967 pilae
1666 2883 1813 2970 saponis,
1835 2904 1908 2948 cum
1931 2905 2016 2969 aqua

260 2985 369 3052 infusa
390 2991 550 3053 teruntur.

419 3132 464 3202 X,
478 3131 527 3211 71,
541 3130 575 3192 b:
607 3129 646 3194 In
670 3130 837 3216 epitaphio
860 3135 1033 3216 parentum
1052 3131 1190 3216 Rabirii,
1209 3131 1264 3216 qui
1283 3132 1434 3197 videntur
1448 3130 1544 3197 ambo
1560 3131 1671 3198 eadem
1685 3136 1780 3198 nocte
1795 3155 1865 3200 esse
1879 3135 2015 3201 mortui:

262 3236 322 3302 Bis
350 3257 403 3301 sec
433 3237 534 3302 tustra
560 3239 620 3302 tori
648 3259 710 3303 noa
736 3239 821 3303 mitis
848 3243 876 3302 ct
897 3238 1009 3304 ultr'ma
1031 3239 1129 3305 clueat
1174 3237 1302 3304 Vitiosa
1326 3237 1486 3306 adieetiva
1507 3241 1593 3305 mitis
1615 3245 1649 3305 et
1670 3239 1783 3306 ultima
1804 3239 1966 3326 particula
1987 3245 2016 3306 et

261 3343 452 3429 iunguntur3
476 3343 645 3409 dicendum
665 3349 734 3412 erat
752 3347 838 3411 mitia
855 3366 919 3410 noc
935 3347 1057 3410 attium
1093 3345 1125 3412 N
1127 3368 1181 3410 am
1198 3346 1252 3412 hic
1270 3368 1336 3410 non
1353 3351 1469 3412 noctem
1488 3343 1622 3431 Stygias
1641 3350 1844 3412 mortuorum
1863 3346 2013 3414 tenebras

261 3451 459 3536 significare,
481 3451 538 3516 sed
559 3456 675 3516 nucum
696 3453 840 3518 ultimam
862 3453 970 3538 ipsum
994 3453 1152 3519 moriendi
1170 3457 1313 3539 tempus,
1331 3457 1465 3540 propter
1483 3475 1595 3520 vocem
1614 3455 1699 3520 mitis
1717 3454 1936 3520 necessarium
1955 3459 2015 3521 est.

260 3559 376 3644 Itaque
399 3557 523 3624 conicio
545 3579 608 3624 noa
629 3559 715 3624 mitis
737 3565 766 3624 ct
787 3561 906 3626 unica.
936 3561 1031 3624 unica
1053 3582 1111 3646 pro
1134 3582 1200 3626 uua
1222 3561 1367 3645 positum
1390 3565 1454 3646 est,
1477 3566 1514 3626 ut
1532 3559 1562 3648 Ι,
1583 3561 1660 3643 103,
1679 3562 1699 3626 8
1718 3559 1864 3645 (amplicat
1880 3566 1909 3626 ct
1924 3582 2014 3628 cenas

260 3667 372 3731 unica
400 3686 507 3731 mursa
528 3665 623 3750 duas)
650 3670 683 3731 et
711 3667 875 3754 significat
902 3671 1054 3752 parentes
1077 3666 1204 3732 Rabirii
1226 3689 1292 3732 non
1315 3667 1411 3732 modo
1435 3667 1532 3733 celeri
1555 3673 1673 3754 morte,
1696 3668 1754 3733 sed
1777 3669 1877 3733 etiam
1900 3668 2013 3735 ambos

262 3774 375 3838 eadem
404 3778 499 3838 noete
529 3772 720 3857 absumptos
750 3796 836 3860 esse,
865 3778 902 3839 ut
929 3775 1077 3858 proximo
1101 3796 1197 3839 versu
1220 3772 1363 3839 additur:
1386 3779 1531 3840 arserunt
1551 3796 1614 3840 uno
1634 3776 1749 3857 funera
1771 3775 1845 3842 bina
1866 3797 1947 3860 rogo.
1971 3814 2012 3824 —

262 3880 463 3966 Quamquam
483 3901 534 3946 me
552 3878 726 3966 aliquando
746 3880 880 3946 dubium
893 3881 969 3947 fecit
988 3881 1027 3946 de
1046 3880 1231 3946 coniectura
1245 3903 1326 3966 mea,
1345 3880 1431 3965 quod
1447 3881 1575 3965 saepius
1590 3883 1625 3946 in
1637 3881 1800 3948 Martialis
1815 3883 2012 3950 carminibus

261 3989 368 4054 iocose
391 3987 580 4073 compositis
604 4007 757 4071 magnam
780 3987 936 4053 sermonis
959 3988 1202 4073 neglegentiam
1226 3986 1432 4073 deprehendi.
1477 3989 1586 4074 Atque
1615 4011 1654 4054 ex
1677 3989 1791 4056 ceteris
1813 3989 1906 4055 libris
1928 3991 2013 4057 nihil

260 4095 357 4160 huius
381 4095 509 4180 generis
531 4095 657 4179 notari,
679 4095 743 4160 nisi
766 4095 829 4161 huc
851 4096 1013 4180 pertinere
1035 4099 1190 4179 putamus
1213 4095 1301 4181 XIV,
1324 4094 1380 4162 33:
1412 4095 1541 4180 Pupia,
1564 4117 1653 4179 quem
1674 4117 1769 4162 curua
1790 4098 1896 4180 manat
1916 4097 2013 4164 brevis

263 4203 360 4267 orbita
392 4223 483 4284 uena,
516 4201 724 4267 Stridentem
750 4203 860 4286 pelr'ctis
888 4203 981 4267 bunc
1010 4201 1084 4268 suo
1114 4203 1209 4268 tinuit
1236 4204 1327 4285 aquis
1355 4207 1389 4268 et
1417 4201 1507 4287 XIV,
1523 4204 1601 4288 114,
1636 4203 1693 4268 ubi
1727 4195 1825 4288 poeta
1855 4204 2012 4289 patellam

264 4307 442 4375 Cumanam
461 4309 540 4374 dicit
559 4305 718 4375 Cumanae
734 4311 936 4375 rubicundam
950 4310 1075 4394 paduae
1093 4315 1216 4396 testae,
1235 4332 1298 4395 quo
1318 4315 1428 4374 tamen
1446 4309 1517 4375 loco
1535 4315 1636 4396 reete,
1652 4311 1717 4375 nisi
1735 4310 1848 4397 fallor,
1865 4310 2013 4377 Herrticb

262 4415 394 4499 (Philol.
409 4415 571 4500 Anzeiger
594 4414 651 4500 IV,
666 4413 746 4503 314)
769 4439 829 4502 pro
853 4422 950 4498 usuc,
967 4416 1104 4482 coniecit
1121 4421 1231 4503 terrac,
1250 4439 1323 4483 cum
1342 4416 1427 4502 quod
1446 4415 1623 4483 Seriverius
1643 4440 1716 4483 cum
1735 4416 1827 4482 libris
1846 4419 2011 4505 plerisque

261 4524 404 4590 familiae
424 4521 469 4589 C·
482 4522 593 4608 posuit
607 4519 763 4604 (Cumano
850 4524 971 4607 testam)
985 4524 1235 4609 interpolatione
1250 4527 1358 4589 ortum
1372 4545 1443 4589 esse
1456 4524 1613 4589 librorum
1628 4523 1821 4590 lectionibus
1836 4525 2012 4611 diligenter

261 4631 428 4716 perpensis
446 4630 541 4696 facile
556 4631 774 4717 intellegatur.
806 4632 845 4697 In
859 4633 930 4717 ipso
944 4651 1021 4696 vero
1039 4629 1124 4695 libro
1143 4631 1281 4718 decimo,
1299 4636 1416 4696 utnon
1430 4652 1679 4697 commemorem
1696 4652 1828 4716 apuam
1841 4631 2011 4699 Phriceum

262 4736 319 4823 (X,
333 4738 390 4824 51,
406 4735 438 4825 1)
462 4737 604 4823 aliaque,
634 4760 716 4824 quae
745 4737 829 4822 apud
860 4743 984 4803 ceteros
1012 4760 1139 4823 quoque
1162 4739 1252 4803 illius
1283 4739 1400 4804 aetatis
1429 4745 1542 4824 poetas
1570 4745 1755 4826 occurrunt,
1781 4738 1862 4804 haec
1888 4739 2011 4806 inveni:

260 4843 305 4931 X,
319 4847 376 4930 24,
390 4848 421 4911 4.
435 4847 467 4910 5:
490 4845 742 4929 quinquupesr'ma
765 4845 827 4910 lita
849 4847 1067 4928 septimamque
1087 4848 1193 4911 cestris
1215 4847 1359 4912 addimus
1380 4845 1460 4910 hanc
1482 4847 1560 4928 sacre
1584 4867 1736 4932 acerram,
1757 4845 1816 4910 ubi
1841 4846 2009 4913 dicendum

263 4958 332 5018 erat
353 4955 606 5040 quinquagesima
627 4955 756 5037 sqrtima
779 4952 842 5017 liba
864 4957 893 5017 et
913 4954 1197 5036 quinquagesimam
1218 4955 1379 5036 septim
1401 4973 1553 5036 acerram,
1576 4976 1772 5041 quamquam
1794 4954 1900 5040 ineo,
1924 4956 2010 5040 quod

262 5064 359 5144 poeta
388 5061 532 5146 scripsit,
562 5061 684 5146 minus,
715 5083 810 5146 quam
840 5081 915 5145 uos,
942 5064 1022 5146 puto
1044 5060 1210 5126 Romanos
1234 5060 1420 5126 offendisse:
1442 5082 1519 5126 nam
1542 5060 1575 5124 id
1598 5061 1705 5145 ipsum
1730 5060 1816 5145 quod
1840 5061 2008 5126 dicendum

234 5155 237 5160 ¹
262 5173 345 5254 erat,
367 5170 620 5252 quinquagesima
641 5169 770 5250 septima
794 5169 856 5234 Iuba
879 5165 945 5254 (die
967 5167 1165 5253 tttnfzigsten
1188 5167 1253 5232 und
1277 5168 1443 5233 aiebanten
1468 5163 1615 5255 Kuchen)
1639 5167 1704 5234 iam
1729 5167 1898 5234 dimidium
1919 5169 2009 5238 illius

1766 5291 1797 5344 l*
