4770 5932
357 590 431 656 vitii
454 591 556 676 logici
585 589 704 656 habere
732 589 827 656 facile
858 589 1050 674 perspicies,
1080 591 1108 654 si
1139 590 1377 675 comparaveris
1402 611 1473 652 cum
1497 592 1608 653 nostro
1633 587 1717 672 „Die
1741 586 2116 671 siebeuundl'liufaigsten

356 696 522 764 Kuchen“.
577 695 621 784 X,
635 697 670 782 9,
686 701 721 762 1:
755 697 887 762 undenis
914 697 1101 779 pedibusque
1130 697 1327 781 syllabisque,
1357 718 1429 762 cum
1459 718 1572 761 versus
1602 693 1768 761 Phalaeeii
1799 696 1942 761 undenas
1973 695 2117 777 syllabas

356 805 513 890 habeant,
542 827 608 870 non
638 803 718 868 item
749 804 894 869 undenos
923 803 1030 887 pedes.
1081 802 1125 888 X,
1140 806 1199 890 24,
1214 806 1268 869 11:
1299 809 1372 886 post
1398 803 1478 868 hunc
1502 803 1634 868 Nestora
1661 801 1732 888 (sed
1757 797 2117 886 cf.IuvenXII,128l

358 935 416 999 pro
440 919 513 996 post
540 913 620 978 tanc
651 912 791 976 Nestoris
821 917 962 996 miamin,
978 895 1049 975 ¹ubi
1080 933 1146 976 non
1182 912 1288 976 solum
1318 911 1473 976 Koestlini
1507 916 1691 975 commento
1715 909 1902 994 posthinc,
1932 909 1988 975 sed
2018 909 2115 974 etiam

357 1017 592 1085 Friedlaenderi
622 1018 764 1105 eleganti
796 1019 981 1083 coniectura
1005 1023 1091 1101 post
1118 1017 1183 1082 boc
1214 1015 1329 1105 (Acad.
1357 1019 1433 1083 Alb.
1458 1018 1582 1104 Regim.
1611 1019 1695 1083 1878
1722 1013 1769 1103 Π)
1799 1017 1894 1082 facile
1927 1017 2118 1082 carebimus.

357 1125 444 1192 Nam
467 1127 571 1192 multo
596 1125 766 1191 audaciore
790 1126 993 1209 metonymia
1011 1123 1055 1211 X,
1069 1126 1127 1211 48,
1141 1127 1175 1190 4:
1203 1127 1364 1190 immodico
1387 1130 1473 1190 sacta
1497 1123 1606 1208 (bora)
1626 1125 1769 1189 Nerone
1787 1125 1864 1188 colet
1881 1146 1939 1209 pro
1959 1124 2119 1188 immodico
2173 1193 2176 1204 ,

358 1235 493 1300 Neronis
516 1233 706 1329 thermarum
728 1235 839 1298 ardore
866 1238 953 1297 sexta
980 1229 1092 1319 cante)
1118 1269 1157 1280 —
1183 1231 1406 1298 Nihilominus
1431 1233 1474 1318 X,
1490 1233 1580 1314 71,5
1608 1236 1695 1297 recte
1722 1253 1773 1296 me
1802 1233 1913 1295 unica
1943 1231 2118 1295 coniecisse

359 1347 453 1427 puto,
483 1346 517 1407 et
540 1341 617 1426 quia
644 1341 753 1406 iocoso
782 1339 908 1406 dicendi
940 1361 1056 1425 genere
1079 1341 1114 1406 in
1137 1340 1199 1405 hoc
1222 1339 1425 1426 epitaphio
1454 1339 1664 1425 neglegentia
1691 1338 1848 1404 sermonis
1879 1338 2025 1403 excusari
2052 1359 2118 1402 non

360 1454 470 1534 potest
493 1453 527 1514 et
550 1449 626 1533 quia
649 1448 766 1513 vitium
790 1448 913 1513 evitare
936 1451 1053 1532 poetae
1076 1447 1130 1513 hic
1154 1446 1328 1512 admodum
1350 1446 1446 1512 facile
1470 1452 1550 1513 erat.

521 1573 655 1638 Duobus
687 1573 768 1639 locis
806 1593 950 1637 versus
986 1573 1328 1657 transponendae
1365 1594 1455 1638 esse
1493 1571 1588 1637 amici
1625 1571 1722 1637 Gertb
1755 1576 1788 1636 et
1821 1571 2005 1638 Boctmann
2037 1569 2119 1634 mihi

362 1684 609 1766 persuaserunt:

521 1807 619 1884 apest.
633 1806 666 1878 4,
681 1805 759 1879 ³⁸⁸3
797 1803 908 1891 (turba
935 1801 1132 1890 delatorum)
1158 1805 1315 1870 Traducta
1338 1810 1381 1870 est
1487 1827 1540 1870 nee
1562 1807 1638 1889 cepit
1659 1825 1756 1869 arena
1779 1809 1931 1870 noemtes:

1205 1911 1251 1975 m
1272 1912 1388 1977 delatm
1411 1911 1498 1978 babet
1519 1913 1601 1994 quoa
1621 1910 1716 1978 dabat
1737 1912 1875 1977 erilium.

1099 2019 1128 2083 5.
1155 2019 1278 2084 Enulat
1300 2021 1443 2085 Ausoniis
1459 2021 1614 2103 mofupus
1635 2020 1752 2086 debrtm
1769 2019 1808 2084 ab
1830 2020 1919 2084 urbe:

1204 2125 1294 2192 Haec
1317 2127 1385 2192 licet
1406 2129 1553 2210 impensis
1570 2129 1725 2210 principis
1747 2147 1938 2191 annumeres.

363 2253 445 2330 Quia
467 2275 580 2318 versus
604 2251 714 2336 quarti
742 2251 792 2316 vis
821 2255 854 2315 et
882 2272 1018 2316 acumen
1050 2275 1145 2318 versu
1174 2252 1195 2316 5
1222 2251 1362 2336 pessime
1385 2252 1593 2338 infringitur,
1616 2254 1690 2318 inde
1715 2275 1733 2317 a
1758 2250 1923 2336 Scaligero
1947 2250 2009 2316 riri
2033 2249 2120 2314 docti

362 2381 475 2425 versus
505 2359 527 2424 5
557 2363 590 2424 et
622 2359 642 2424 6
673 2382 692 2424 a
719 2357 986 2444 praecedentibus
1010 2359 1220 2424 seiunxerunt
1247 2363 1285 2422 ut
1306 2381 1427 2424 novum
1450 2360 1654 2445 epigramma
1677 2365 1734 2424 aut
1756 2359 1920 2445 integrum
1945 2363 2002 2422 aut
2024 2356 2120 2421 initio

363 2467 524 2532 mutilum.
570 2464 633 2532 Sed
666 2466 712 2530 sio
743 2465 951 2530 difficultates
981 2487 1046 2530 nou
1077 2467 1251 2551 tolluntur,
1282 2467 1357 2551 quia
1387 2489 1416 2530 v.
1443 2467 1568 2551 6·post
1597 2468 1666 2532 ab
1694 2469 1824 2552 ineptus
1856 2471 1919 2550 est,
1947 2469 2022 2549 post
2050 2463 2118 2528 v.3

363 2573 565 2660 aptissimus.
609 2573 696 2639 Nam
725 2575 880 2655 impensae
902 2573 1058 2656 pannea
1089 2563 1166 2637 sdnt
1194 2573 1280 2637 ferae
1309 2595 1428 2658 magno
1460 2578 1592 2660 sumptu
1615 2574 1752 2639 Romam
1782 2577 2005 2658 comportatae
2029 2575 2063 2636 et
2085 2571 2118 2634 in

365 2681 604 2767 amphitheatro
628 2681 753 2747 civibus
777 2683 939 2764 ostentae,
966 2679 1078 2764 itaque
1102 2679 1262 2744 delatores
1285 2703 1343 2763 per
1366 2703 1496 2745 arenam
1519 2681 1662 2747 traducti
1685 2681 1777 2766 quasi
1797 2683 1950 2763 impensae
1966 2680 2120 2762 principns

365 2789 428 2853 dici
450 2793 602 2873 possunt,
625 2810 690 2853 uon
713 2788 792 2852 item
818 2787 978 2852 delatores
999 2785 1033 2851 in
1056 2786 1188 2852 exilium
1212 2787 1313 2853 missi.
1359 2787 1448 2872 Ergo
1468 2794 1538 2874 aut,
1561 2791 1647 2874 quod
1670 2811 1734 2854 non
1758 2789 1906 2873 probem,
1929 2788 2018 2852 vv.4
2043 2790 2075 2850 et
2098 2785 2119 2850 5

366 2896 417 2961 rel
441 2896 551 2980 potius
574 2895 665 2961 vr.5
688 2898 721 2960 et
745 2895 765 2959 6
789 2895 879 2959 uncis
903 2893 1088 2959 includendi
1111 2899 1188 2958 sunt
1211 2899 1268 2959 aut
1291 2895 1420 2982 egregie
1444 2897 1490 2962 sie
1514 2895 1626 2962 Gertb
1649 2896 1847 2982 transponit:

790 3019 821 3086 3.
849 3020 990 3084 baducta
1012 3023 1140 3085 est
1162 3039 1216 3084 nee
1237 3022 1315 3104 enuit
1335 3043 1432 3086 arara
1454 3029 1604 3088 mcentcs:

824 3147 827 3154 ·
899 3127 928 3191 6.
954 3125 1028 3191 haee
1050 3127 1117 3191 licet
1140 3127 1285 3208 inspersis
1301 3129 1458 3211 pnnnprs
1479 3149 1671 3195 annmnnes.

792 3233 822 3298 5.
848 3233 971 3298 Enulat
992 3234 1136 3298 Ausonia
1153 3233 1306 3318 profugus
1329 3235 1448 3301 delator
1470 3237 1508 3300 ab
1531 3235 1616 3316 urbe,

897 3343 927 3406 4.
954 3346 982 3405 et
1004 3341 1120 3406 aelam
1142 3339 1231 3406 babet
1251 3344 1332 3424 quod
1353 3344 1448 3408 dabat
1469 3345 1605 3408 anilium.

366 3467 406 3532 In
428 3465 602 3531 iteratione
625 3466 713 3530 vocis
736 3465 853 3530 delator
875 3487 940 3531 non
964 3470 1015 3531 eat
1038 3465 1272 3532 offendendum.
1318 3467 1403 3534 Nam
1428 3475 1465 3533 ut
1491 3469 1600 3534 ieiune
1628 3473 1692 3554 est,
1715 3469 1744 3533 si
1766 3489 1879 3533 uersus
1902 3470 1923 3532 4
1947 3488 2075 3532 versum
2099 3465 2120 3530 5

368 3573 543 3658 antecedit,
566 3573 613 3636 ita
643 3573 838 3658 gravissima
869 3595 962 3638 versu
992 3575 1013 3636 4
1036 3576 1113 3658 post
1136 3595 1164 3638 v.
1184 3575 1204 3638 5
1227 3574 1336 3658 posito
1360 3575 1441 3658 (iam
1463 3577 1539 3658 ipsc
1561 3576 1705 3641 delator
1728 3578 1761 3641 id
1782 3575 1881 3657 babet,
1903 3575 1984 3656 quod
2004 3573 2120 3655 dabat).

526 3697 768 3774 1v‚so,1-4:
844 3695 1012 3762 Declamas
1034 3699 1069 3761 in
1090 3698 1173 3777 febre
1194 3699 1330 3764 Maron:
1352 3699 1431 3766 banc
1453 3721 1514 3774 esse
1530 3699 1695 3784 pbrercesin

953 3804 991 3869 Si
1012 3807 1123 3889 neseis,
1145 3827 1210 3871 non
1231 3827 1262 3872 es
1284 3827 1394 3892 sanus,
1417 3810 1514 3873 amice
1537 3809 1663 3874 Maron.

846 3909 1013 3977 Declamas
1035 3933 1135 3998 aeger,
1158 3914 1311 3978 dacum
1332 3913 1554 3980 hemitritaeds:

953 4018 991 4084 Si
1012 4021 1124 4086 sudare
1146 4021 1237 4086 aliter
1259 4042 1320 4086 non
1338 4027 1437 4107 potes,
1460 4029 1504 4088 est
1524 4023 1614 4088 ratio.

368 4142 569 4208 Posterius
589 4143 786 4208 distichon
805 4141 1068 4210 Schneidewinus
1088 4147 1179 4210 uncis
1199 4146 1340 4212 inclusit.
1373 4145 1436 4213 Sed
1454 4148 1535 4213 bene
1554 4169 1605 4212 me
1621 4146 1838 4212 Baclrmann
1857 4146 1984 4211 monuit
1998 4146 2121 4211 serrari

367 4251 428 4316 hos
460 4272 572 4316 versus
604 4272 714 4336 posse,
746 4250 775 4316 si
807 4255 895 4317 ante
933 4251 1041 4337 prius
1079 4252 1277 4319 distichon
1314 4255 1612 4320 collocarentur.
1666 4253 1720 4320 Fit
1753 4254 1837 4318 enim
1870 4252 1917 4319 sic
1950 4253 2121 4339 aptissima

369 4357 518 4443 gradatio
541 4357 627 4422 etin
650 4358 861 4442 pentametris
885 4365 918 4424 et
941 4382 998 4444 per
1020 4381 1115 4425 voces
1138 4382 1238 4445 aeger,
1260 4359 1476 4444 benitritaeos,
1500 4363 1534 4426 in
1555 4362 1645 4443 febre.

528 4463 618 4550 Ergo
635 4464 699 4530 hoc
716 4465 787 4530 loeo
808 4488 920 4531 versus
939 4465 1084 4532 Martiali
1102 4467 1279 4532 abiudicati
1294 4472 1438 4551 possunt
1449 4468 1480 4532 ei
1494 4469 1633 4534 restitui.
1665 4469 1742 4533 Alia
1756 4473 1842 4534 reete
1857 4469 1890 4533 in
1904 4467 2119 4552 suspicionem

369 4576 485 4636 vocata
512 4578 604 4658 sunt,
632 4576 669 4636 nt
690 4571 840 4657 XII,55,
854 4573 915 4638 5.6
943 4580 977 4639 et
1005 4571 1111 4658 Speet.
1130 4573 1202 4660 25¹3
1225 4575 1324 4660 quod,
1353 4596 1550 4660 quamquam
1579 4598 1644 4641 non
1668 4576 1827 4640 insulsum
1846 4575 1988 4659 ridetur,
2010 4579 2120 4638 tamen

369 4700 389 4742 a
408 4675 673 4762 Spectaculorum
692 4679 777 4744 libro
797 4680 937 4746 alienum
956 4687 1006 4745 est
1030 4684 1062 4745 et
1081 4681 1219 4746 fortasse
1238 4681 1280 4746 ab
1298 4681 1429 4746 homine
1448 4683 1642 4748 scholastico
1656 4706 1721 4748 non
1736 4683 1866 4748 indocto
1881 4681 1922 4746 ad
1937 4682 2121 4768 exemplum

370 4785 614 4871 epigrammatis
633 4785 722 4872 XIV,
743 4789 803 4854 181
825 4788 1008 4853 confictum.
1030 4787 1143 4852 Etiam
1161 4788 1220 4866 1x,
1236 4783 1298 4852 95¹³
1319 4786 1389 4875 (95,
1404 4789 1468 4853 3-
1482 4787 1530 4876 6),
1544 4790 1630 4875 quod
1645 4791 1815 4856 Seriverius
1829 4794 1862 4854 et
1876 4789 2121 4854 Seleneideurinus

529 5035 556 5102 t)
576 5031 684 5101 Errori,
710 5049 766 5088 non
785 5034 981 5105 neglegentiae
1000 5033 1179 5090 tribuendum
1206 5039 1261 5104 est,
1285 5037 1360 5105 quod
1379 5034 1518 5092 Martialis
1538 5035 1700 5090 Ciceronem
1718 5038 1815 5106 Arpis,
1834 5055 1890 5090 nou
1909 5034 2008 5106 Arpini
2028 5037 2121 5090 natum

370 5122 452 5190 putat
466 5121 524 5190 (IV,
535 5127 577 5189 55,
588 5124 623 5192 3),
638 5121 787 5177 Horatium
801 5122 957 5192 Galabrrem,
972 5141 1029 5180 non
1039 5125 1162 5196 Apulum
1176 5125 1303 5182 nominat
1318 5126 1352 5196 (V
1354 5127 1401 5194 111,
1416 5133 1456 5194 18,
1468 5134 1492 5181 5.
1512 5125 1547 5182 cl.
1559 5125 1592 5180 V.
1603 5131 1645 5194 30,
1657 5133 1681 5180 2.
1701 5125 1760 5192 XII,
1771 5133 1813 5193 94,
1825 5129 1859 5197 t),
1871 5124 1976 5180 Tibulh
1986 5125 2121 5180 Nemesim

370 5225 421 5279 pro
440 5209 523 5265 Delia
541 5215 741 5267 commemorat
760 5211 844 5282 (XIV,
857 5217 925 5284 193).
