4770 5932
799 679 1115 780 WALTERI
1153 677 1465 778 eleanan

544 927 626 1039 Ad
671 926 996 1039 Martialem
1042 924 1415 1062 quaestiones
1464 923 1715 1038 criticae.

1041 1458 1175 1538 caput
1197 1457 1229 1524 1.

412 1611 449 1677 L.
466 1611 700 1695 Friedlacnder,
730 1609 780 1674 vir
809 1609 903 1675 unice
933 1609 972 1674 de
1004 1609 1155 1675 Martiale
1184 1607 1334 1693 meritus,
1363 1608 1396 1688 in
1429 1608 1564 1675 Observa.
1584 1609 1620 1674 cle
1643 1609 1742 1675 Mart.
1760 1610 1854 1693 epipr.
1866 1615 1951 1694 part.
1971 1609 2014 1674 ΙΙ

252 1718 363 1805 (Acad.
384 1718 457 1784 Alb.
476 1717 600 1804 Regim.
624 1719 706 1784 1878
727 1715 757 1804 Ι)
781 1739 893 1782 versus
914 1717 1071 1802 quosdam
1090 1715 1233 1802 notarit,
1256 1738 1393 1802 quorum
1408 1709 1528 1810 ‘exitus
1553 1718 1601 1782 ita
1620 1718 1765 1802 corrupti
1785 1725 1874 1802 sunt,
1897 1722 1935 1781 ut
1952 1739 2012 1801 pro

251 1827 408 1892 vocabulo
433 1849 453 1890 a
476 1830 573 1910 poeta
596 1827 716 1909 scripto
741 1823 830 1890 aliud
853 1823 1069 1889 substitutum
1094 1845 1163 1890 esse
1187 1823 1379 1890 sumendum
1403 1821 1499 1911 siae)
1545 1823 1636 1888 Duos
1660 1824 1747 1889 locos
1772 1823 1868 1890 addo:

411 1933 486 2008 vn,
501 1933 542 1994 92
571 1931 733 1998 Martialis
763 1931 798 1996 in
835 1931 1008 1996 Baccaram
1037 1931 1218 2016 invehitur,
1251 1931 1307 2017 qni
1337 1933 1366 1997 ci
1398 1954 1525 2017 semper
1556 1931 1635 1996 dicit
1661 1932 1690 1996 si
1716 1931 1792 2014 qaia
1813 1951 1889 2014 opas
1908 1929 2013 2015 faerit,

251 2042 311 2106 scia
333 2059 381 2104 mc
402 2061 464 2104 aaa
494 2061 555 2105 csse
582 2041 754 2122 royaadam
784 2041 828 2126 (v.
851 2036 907 2124 1.),
931 2037 987 2103 sed
1012 2039 1067 2103 ubi
1087 2039 1223 2124 pecnnia
1246 2043 1363 2123 poetae
1385 2039 1476 2123 inopi
1501 2038 1656 2105 solvenda
1680 2043 1744 2123 est,
1768 2059 1896 2123 semper
1918 2038 2013 2102 nescit

251 2149 326 2231 qaid
346 2149 387 2214 sit
408 2167 492 2230 opas
537 2145 665 2211 Vitiosa
687 2146 841 2211 ultimum
864 2144 1026 2211 distichon
1049 2146 1096 2210 sic
1119 2145 1272 2211 traditur:

678 2271 1045 2356 neocaesaraea
1067 2275 1129 2355 fias
1150 2277 1186 2335 at
1207 2271 1303 2336 sidere
1325 2277 1442 2356 mutas,

784 2378 895 2444 Dicam
916 2399 954 2442 aa
971 2378 1085 2462 possr‘s,
1108 2376 1267 2463 Baccara,
1289 2379 1365 2460 quid
1385 2380 1427 2443 sit
1448 2399 1530 2462 opas.

253 2505 338 2572 Nam
371 2505 448 2591 quid
478 2505 523 2570 sit
552 2526 646 2589 opus,
675 2503 816 2570 Baccara
845 2526 911 2568 non
941 2503 1033 2587 dicit,
1062 2502 1162 2568 immo
1193 2525 1234 2568 ne
1265 2503 1326 2568 scit
1356 2501 1495 2588 quidem.
1547 2502 1699 2587 Explicet
1729 2501 1815 2587 quis:
1842 2496 1894 2566 ‘nt
1924 2501 2009 2586 qnod

252 2635 317 2678 non
341 2613 433 2698 dicis,
458 2613 612 2698 Baccara,
634 2615 675 2678 ne
699 2611 806 2696 possis
830 2609 960 2695 quidem
985 2603 1111 2694 diccre'3
1135 2608 1191 2674 scd
1214 2631 1280 2674 non
1303 2610 1393 2695 loqui
1416 2608 1592 2675 Baccaram
1616 2611 1688 2674 vult
1710 2609 1887 2694 Martialis,
1910 2609 2009 2673 immo

252 2720 392 2804 solvere,
410 2719 496 2805 quod
514 2719 565 2785 vel
585 2723 692 2784 mutas
712 2722 832 2802 posset.
878 2715 1004 2782 Scribo:
1023 2717 1133 2782 Dicere
1150 2738 1188 2780 rra
1203 2719 1319 2802 possis,
1338 2717 1498 2782 Baccara:
1517 2716 1558 2782 Si
1580 2718 1669 2800 qaid
1689 2738 1778 2800 opas
1801 2713 1885 2803 (scil.
1902 2715 2009 2801 fuerit,
2080 2739 2084 2747 ·

252 2827 315 2892 scis
340 2849 391 2892 mc
414 2848 480 2891 non
503 2847 573 2891 esse
596 2821 800 2914 rogandum).
846 2823 1005 2909 Parsaepe
1025 2823 1211 2889 Martialem
1231 2821 1283 2910 (nt
1302 2821 1483 2910 Catullum)
1505 2823 1742 2907 epigrammata
1761 2822 1882 2888 eisdem
1902 2823 2008 2888 verbis

253 2933 414 3018 claudere,
437 2933 555 3017 quibus
579 2931 792 3018 incohaverit,
817 2935 903 2996 recte
932 2931 1119 2996 observavit
1146 2931 1319 2996 Paalratadt
1353 2931 1402 2996 De
1424 2931 1575 2996 Martiale
1598 2929 1714 2996 Catulli
1740 2931 1893 2996 imitatore
1915 2954 1946 3016 p.
1964 2929 2008 2996 34

252 3045 286 3105 et
319 3040 445 3104 addidit
477 3039 698 3105 Fricatamaer
734 3035 846 3124 (aad.
870 3029 944 3102 Alb.
971 3037 1099 3123 Regim.
1126 3039 1208 3102 1877
1235 3037 1300 3123 ΙΙΙ)
1331 3037 1490 3124 poematis
1533 3037 1574 3101 ab
1607 3037 1665 3102 illo
1689 3037 1834 3103 collectis
1871 3037 1932 3122 IX,
1950 3037 2003 3103 et.

251 3146 360 3213 Verba
383 3150 492 3212 autem
516 3147 689 3212 decantata
710 3145 758 3209 ita
777 3167 1020 3229 nonnumquam
1044 3150 1352 3230 commemorantur,
1376 3150 1412 3210 ut
1430 3143 1527 3209 initia
1546 3143 1641 3208 modo
1661 3144 1879 3210 ascribantur:
1902 3145 2008 3232 1,45:

253 3255 373 3318 dicatur
389 3256 494 3336 potitae
520 3250 581 3319 τὸν
597 3248 624 3317 (Ι
632 3247 906 3336 ἀπαμειβόμενος.
952 3250 1038 3338 XIV,
1070 3252 1147 3316 185:
1183 3273 1222 3316 aa
1249 3252 1378 3318 macutus
1398 3253 1511 3335 positis
1546 3272 1653 3316 arma
1685 3252 1875 3334 atramque
1909 3253 2006 3336 tapam

254 3361 290 3425 cf.
310 3359 540 3446 V111,56,1e.
586 3357 649 3426 Sed
672 3358 725 3423 hic
748 3359 873 3443 ellipsis
898 3358 1071 3443 explicatio
1095 3358 1198 3423 multo
1222 3357 1352 3423 facilior
1370 3363 1434 3424 est:
1458 3359 1558 3423 etiam
1582 3379 1641 3422 nos
1661 3357 1798 3424 dicimus
1822 3381 1939 3446 „menn
1963 3361 2007 3425 dn

251 3472 349 3532 etwas
373 3466 527 3532 branchst
551 3501 593 3512 -
617 3463 699 3552 (scil.
718 3487 754 3530 so
779 3465 887 3530 wanda
907 3466 980 3531 dich
1000 3487 1042 3530 an
1061 3463 1194 3552 mich)“.
1240 3463 1399 3531 Similiter
1416 3466 1487 3550 ipse
1506 3463 1668 3530 Martialis
1688 3465 1731 3550 X,
1750 3467 1791 3530 37
1800 3490 1807 3530 :
1831 3463 2006 3532 octauam

248 3575 381 3640 mandas
402 3576 431 3639 si
453 3575 528 3656 qaid
549 3575 592 3638 ad
615 3571 769 3638 Oceanum
796 3608 848 3657 -,
871 3572 911 3637 da
934 3594 997 3658 quo
1022 3572 1093 3638 loco
1116 3571 1281 3657 disputavi
1303 3594 1377 3658 pag.
1399 3572 1449 3636 12.

408 3683 452 3752 X,
466 3681 507 3741 66
536 3680 615 3746 haec
645 3679 723 3745 dicit
752 3683 850 3764 poeta
879 3677 974 3744 Gallo
1005 3683 1157 3764 patrono,
1187 3678 1244 3763 qui
1272 3701 1345 3744 enm
1375 3678 1464 3764 cogit
1487 3680 1556 3744 totis
1578 3681 1692 3744 seruire
1713 3680 1818 3745 dicbus
1840 3676 1877 3766 (i.
1896 3703 1922 3747 e.
1942 3702 2006 3746 non

245 3781 453 3873 ‘unaquaque
477 3783 535 3853 die’
562 3787 617 3853 sed
637 3781 753 3872 ‘usque
776 3785 817 3851 ad
840 3781 1051 3872 vesperum'):

677 3911 802 3977 Eximit
824 3916 880 3976 aut
901 3909 997 3991 relisit
1019 3911 1136 3976 dentem
1158 3909 1325 3976 Cascellius
1347 3931 1488 3995 aearum,
1511 3959 1537 3976 ..

786 4019 904 4084 Tristia
926 4038 1081 4082 saeorum
1103 4018 1248 4102 stipmata
1270 4019 1346 4083 dotet
1368 4017 1467 4094 Eros·

678 4126 929 4191 Enterocelarum
949 4124 1049 4206 sertum
1071 4123 1252 4190 Podalirius
1274 4123 1406 4190 Hermes
1416 4145 1426 4188 .·

786 4233 856 4314 Qut
882 4238 987 4298 sanet
1012 4237 1153 4315 raptos,
1179 4233 1238 4297 dic
1264 4231 1368 4316 mihi,
1396 4230 1517 4315 Galle,
1544 4231 1626 4315 qais
1652 4233 1730 4298 cst?

252 4357 371 4442 Raptis
392 4359 445 4424 hic
468 4359 582 4424 volunt
604 4357 784 4442 defatiaatos
811 4358 1009 4442 significare,
1033 4379 1115 4442 quaa
1139 4356 1326 4441 explicatio,
1350 4356 1413 4421 etsi
1436 4357 1533 4421 certis
1557 4357 1758 4441 argumentis
1782 4357 1917 4424 refutari
1939 4381 2005 4424 non

252 4470 376 4551 potest,
405 4471 515 4530 tamen
548 4465 641 4529 ralde
672 4465 753 4530 mihi
785 4465 914 4530 videtur
945 4463 1088 4549 illepida.
1134 4463 1202 4527 Alii
1235 4463 1347 4528 calceos
1378 4463 1635 4549 interpretantur
1665 4469 1771 4546 raptos
1803 4465 1910 4550 ellipsi
1939 4489 2005 4532 non

252 4572 395 4638 feranda:
426 4577 459 4637 et
480 4571 694 4637 stultissimus
719 4573 765 4638 sic
789 4578 839 4637 est
861 4571 1036 4657 Martialis,
1060 4571 1115 4656 qui
1140 4569 1272 4636 Gallum
1296 4573 1404 4654 speret
1428 4591 1659 4655 responsurum
1678 4593 1749 4636 esse
1767 4565 1854 4658 ‘Ego
1878 4575 2002 4638 sanabo

247 4681 417 4766 pecuniam
438 4673 538 4744 dans’.
581 4679 686 4744 Immo
714 4677 924 4762 respondebit
952 4685 1107 4764 patronus
1133 4699 1248 4743 avarus
1267 4671 1381 4742 ‘Sutor
1409 4673 1557 4743 sanabit’.
1602 4675 1688 4742 Nam
1718 4678 1834 4744 medici
1863 4702 2003 4766 quoque,

252 4809 334 4872 quos
361 4791 591 4853 commemorat
619 4790 728 4872 poeta,
751 4807 816 4850 non
838 4787 1007 4871 pecuniam
1032 4786 1123 4869 dant,
1146 4784 1179 4849 id
1203 4784 1288 4870 qnod
1311 4790 1450 4869 patrono
1473 4784 1655 4850 faciendum
1683 4793 1747 4869 est,
1770 4785 1827 4850 sed
1851 4791 1920 4852 arte
1944 4809 2004 4852 sua

414 5021 439 5086 1)
458 5015 564 5070 Tamen
578 5017 646 5085 puto
660 5017 724 5085 m,
740 5016 798 5086 50,
814 5017 831 5067 7
846 5031 901 5068 non
915 5016 991 5069 recta
1006 5011 1096 5068 virum
1111 5011 1304 5066 doctissimum
1320 5013 1413 5078 traria
1427 5013 1602 5082 (‚,Genuss“)
1617 5011 1646 5068 in
1656 5015 1763 5084 proruis
1775 5017 1906 5069 mutasse.
1930 5014 2004 5071 Nam

254 5105 290 5160 de
303 5103 382 5158 libris
396 5105 441 5159 hic
455 5107 540 5175 poeta
558 5103 674 5174 perinde
693 5103 817 5172 loquitur
836 5121 869 5156 ac
888 5103 912 5156 si
932 5103 1031 5173 epulae
1052 5103 1156 5168 essant;
1181 5101 1215 5156 cf.
1232 5101 1319 5156 verba
1336 5103 1452 5169 affertur
1471 5105 1507 5171 (v.
1523 5109 1549 5172 3)
1570 5105 1599 5158 et
1612 5105 1769 5175 perripr'tar
1787 5106 1823 5172 (v.
1835 5107 1869 5172 ὁ).
1905 5106 2003 5176 βρῶμα

253 5197 346 5248 autem
366 5191 452 5248 etiam
469 5194 544 5264 apud
563 5193 780 5263 Aristophanem
799 5192 907 5262 (fragm.
923 5199 974 5247 313
994 5191 1087 5262 Dind.)
1106 5195 1269 5262 poematum
1287 5190 1404 5245 delicias
1424 5191 1574 5262 significat.

1777 5307 1789 5354 l
