<?xml version="1.0" encoding="UTF-8"?>
<!DOCTYPE html PUBLIC "-//W3C//DTD XHTML 1.0 Transitional//EN"
    "http://www.w3.org/TR/xhtml1/DTD/xhtml1-transitional.dtd">
<html xmlns="http://www.w3.org/1999/xhtml" xml:lang="en" lang="en">
 <head>
  <title>
</title>
<meta http-equiv="Content-Type" content="text/html;charset=utf-8" />
  <meta name='ocr-system' content='tesseract 3.04.00' />
  <meta name='ocr-capabilities' content='ocr_page ocr_carea ocr_par ocr_line ocrx_word'/>
</head>
<body>
  <div class='ocr_page' id='page_1' title='image "admartialemquae01gilbgoog_0028.png"; bbox 0 0 4770 5932; ppageno 0'>
   <div class='ocr_carea' id='block_1_1' title="bbox 1116 331 1183 447">
    <p class='ocr_par' dir='ltr' id='par_1_1' title="bbox 1116 331 1251 447">
     <span class='ocr_line' id='line_1_1' title="bbox 1116 331 1183 447; baseline -0.007 0"><span class='ocrx_word' id='word_1_1' title='bbox 1116 331 1183 447; x_wconf 55' lang='lat'><strong>3²}</strong></span> 
     </span>
    </p>
   </div>
   <div class='ocr_carea' id='block_1_2' title="bbox 268 541 2032 739">
    <p class='ocr_par' dir='ltr' id='par_1_2' title="bbox 268 541 2032 739">
     <span class='ocr_line' id='line_1_2' title="bbox 269 541 2032 632; baseline 0.001 -22"><span class='ocrx_word' id='word_1_2' title='bbox 269 547 383 630; x_wconf 88' lang='lat' dir='ltr'><strong>aperto</strong></span> <span class='ocrx_word' id='word_1_3' title='bbox 406 541 489 610; x_wconf 83' lang='lat' dir='ltr'><strong>vitio</strong></span> <span class='ocrx_word' id='word_1_4' title='bbox 508 543 548 612; x_wconf 82' lang='lat' dir='ltr'><strong>A.</strong></span> <span class='ocrx_word' id='word_1_5' title='bbox 584 543 693 613; x_wconf 83' lang='lat' dir='ltr'><strong>Facile</strong></span> <span class='ocrx_word' id='word_1_6' title='bbox 712 551 848 632; x_wconf 87' lang='lat' dir='ltr'><strong>apparat</strong></span> <span class='ocrx_word' id='word_1_7' title='bbox 866 542 902 611; x_wconf 89' lang='lat' dir='ltr'><strong>in</strong></span> <span class='ocrx_word' id='word_1_8' title='bbox 920 545 1096 632; x_wconf 83' lang='lat' dir='ltr'><strong>archetypo</strong></span> <span class='ocrx_word' id='word_1_9' title='bbox 1116 544 1274 611; x_wconf 86' lang='lat' dir='ltr'><strong>librorum</strong></span> <span class='ocrx_word' id='word_1_10' title='bbox 1294 543 1391 612; x_wconf 75' lang='lat' dir='ltr'><strong>xlc</strong></span> <span class='ocrx_word' id='word_1_11' title='bbox 1411 543 1529 612; x_wconf 89' lang='lat' dir='ltr'><strong>calami</strong></span> <span class='ocrx_word' id='word_1_12' title='bbox 1547 545 1643 632; x_wconf 89' lang='lat' dir='ltr'><strong>lapsu</strong></span> <span class='ocrx_word' id='word_1_13' title='bbox 1661 543 1800 631; x_wconf 76' lang='lat' dir='ltr'><strong>superbis</strong></span> <span class='ocrx_word' id='word_1_14' title='bbox 1818 569 1876 632; x_wconf 87' lang='lat' dir='ltr'><strong>pro</strong></span> <span class='ocrx_word' id='word_1_15' title='bbox 1895 547 2032 630; x_wconf 72' lang='lat' dir='ltr'><strong>superbit</strong></span> 
     </span>
     <span class='ocr_line' id='line_1_3' title="bbox 268 651 1854 739; baseline 0.002 -23"><span class='ocrx_word' id='word_1_16' title='bbox 268 651 384 738; x_wconf 82' lang='lat' dir='ltr'><strong>fuisse,</strong></span> <span class='ocrx_word' id='word_1_17' title='bbox 408 652 559 720; x_wconf 82' lang='lat' dir='ltr'><strong>librarios</strong></span> <span class='ocrx_word' id='word_1_18' title='bbox 583 660 693 721; x_wconf 89' lang='lat' dir='ltr'><strong>autem</strong></span> <span class='ocrx_word' id='word_1_19' title='bbox 716 653 862 720; x_wconf 88' lang='lat' dir='ltr'><strong>ecdicum</strong></span> <span class='ocrx_word' id='word_1_20' title='bbox 886 652 916 717; x_wconf 89' lang='lat' dir='ltr'>X</span> <span class='ocrx_word' id='word_1_21' title='bbox 941 658 974 718; x_wconf 89' lang='lat' dir='ltr'><strong>et</strong></span> <span class='ocrx_word' id='word_1_22' title='bbox 998 652 1037 738; x_wconf 78' lang='grc' dir='ltr'><strong>Ο,</strong></span> <span class='ocrx_word' id='word_1_23' title='bbox 1060 659 1098 718; x_wconf 90' lang='lat' dir='ltr'><strong>ut</strong></span> <span class='ocrx_word' id='word_1_24' title='bbox 1120 653 1283 719; x_wconf 85' lang='lat' dir='ltr'><strong>sententia</strong></span> <span class='ocrx_word' id='word_1_25' title='bbox 1307 659 1484 738; x_wconf 87' lang='lat' dir='ltr'><strong>constaret,</strong></span> <span class='ocrx_word' id='word_1_26' title='bbox 1506 655 1652 736; x_wconf 82' lang='lat' dir='ltr'><strong>superbus</strong></span> <span class='ocrx_word' id='word_1_27' title='bbox 1675 655 1854 739; x_wconf 81' lang='lat' dir='ltr'>scripsisse.</span> 
     </span>
    </p>
   </div>
   <div class='ocr_carea' id='block_1_3' title="bbox 210 776 2030 1486">
    <p class='ocr_par' dir='ltr' id='par_1_3' title="bbox 210 776 2030 1486">
     <span class='ocr_line' id='line_1_4' title="bbox 429 776 2030 866; baseline 0.001 -24"><span class='ocrx_word' id='word_1_28' title='bbox 429 779 459 842; x_wconf 78' lang='lat'><strong>2.</strong></span> <span class='ocrx_word' id='word_1_29' title='bbox 482 777 675 858; x_wconf 80' lang='lat' dir='ltr'><strong>x1v,aa,1:</strong></span> <span class='ocrx_word' id='word_1_30' title='bbox 703 785 820 862; x_wconf 74' lang='lat' dir='ltr'><strong>pusula</strong></span> <span class='ocrx_word' id='word_1_31' title='bbox 849 785 955 844; x_wconf 79' lang='lat' dir='ltr'><strong>notes</strong></span> <span class='ocrx_word' id='word_1_32' title='bbox 990 780 1001 842; x_wconf 89' lang='lat' dir='ltr'><strong>i</strong></span> <span class='ocrx_word' id='word_1_33' title='bbox 1007 779 1065 842; x_wconf 74' lang='lat' dir='ltr'><strong>lece</strong></span> <span class='ocrx_word' id='word_1_34' title='bbox 1100 777 1184 844; x_wconf 89' lang='lat' dir='ltr'><strong>male</strong></span> <span class='ocrx_word' id='word_1_35' title='bbox 1217 777 1479 845; x_wconf 86' lang='lat' dir='ltr'><strong>Schneidewiuus</strong></span> <span class='ocrx_word' id='word_1_36' title='bbox 1517 779 1758 845; x_wconf 87' lang='lat' dir='ltr'><strong>constructione</strong></span> <span class='ocrx_word' id='word_1_37' title='bbox 1798 776 1852 866; x_wconf 83' lang='lat' dir='ltr'><strong>(cl.</strong></span> <span class='ocrx_word' id='word_1_38' title='bbox 1881 779 2030 865; x_wconf 80' lang='lat' dir='ltr'><strong>Draeper,</strong></span> 
     </span>
     <span class='ocr_line' id='line_1_5' title="bbox 268 882 2030 972; baseline 0.001 -22"><span class='ocrx_word' id='word_1_39' title='bbox 268 883 473 950; x_wconf 87' lang='lat' dir='ltr'><strong>Historische</strong></span> <span class='ocrx_word' id='word_1_40' title='bbox 507 882 632 970; x_wconf 81' lang='lat' dir='ltr'><strong>Syntax</strong></span> <span class='ocrx_word' id='word_1_41' title='bbox 662 885 706 972; x_wconf 75' lang='lat'><strong>1⁹,</strong></span> <span class='ocrx_word' id='word_1_42' title='bbox 725 886 791 951; x_wconf 85' lang='lat'><strong>363</strong></span> <span class='ocrx_word' id='word_1_43' title='bbox 806 907 829 950; x_wconf 88' lang='lat' dir='ltr'><strong>s.</strong></span> <span class='ocrx_word' id='word_1_44' title='bbox 854 886 915 950; x_wconf 91' lang='lat' dir='ltr'><strong>sub</strong></span> <span class='ocrx_word' id='word_1_45' title='bbox 941 883 983 972; x_wconf 86' lang='grc' dir='ltr'><strong>Α)</strong></span> <span class='ocrx_word' id='word_1_46' title='bbox 1015 885 1100 970; x_wconf 90' lang='lat' dir='ltr'><strong>apud</strong></span> <span class='ocrx_word' id='word_1_47' title='bbox 1131 883 1317 950; x_wconf 74' lang='lat' dir='ltr'>Martialem</span> <span class='ocrx_word' id='word_1_48' title='bbox 1347 886 1382 950; x_wconf 90' lang='lat' dir='ltr'><strong>in</strong></span> <span class='ocrx_word' id='word_1_49' title='bbox 1413 886 1492 951; x_wconf 89' lang='lat' dir='ltr'><strong>solis</strong></span> <span class='ocrx_word' id='word_1_50' title='bbox 1522 887 1671 950; x_wconf 77' lang='lat' dir='ltr'><strong>induendi</strong></span> <span class='ocrx_word' id='word_1_51' title='bbox 1701 891 1735 951; x_wconf 88' lang='lat' dir='ltr'><strong>et</strong></span> <span class='ocrx_word' id='word_1_52' title='bbox 1763 887 1894 952; x_wconf 69' lang='lat' dir='ltr'><strong>mendi</strong></span> <span class='ocrx_word' id='word_1_53' title='bbox 1923 887 2030 952; x_wconf 84' lang='lat' dir='ltr'><strong>verbis</strong></span> 
     </span>
     <span class='ocr_line' id='line_1_6' title="bbox 269 991 2030 1078; baseline 0.002 -23"><span class='ocrx_word' id='word_1_54' title='bbox 269 991 404 1056; x_wconf 84' lang='lat' dir='ltr'><strong>usitata:</strong></span> <span class='ocrx_word' id='word_1_55' title='bbox 433 1013 508 1056; x_wconf 90' lang='lat' dir='ltr'><strong>uam</strong></span> <span class='ocrx_word' id='word_1_56' title='bbox 528 1013 605 1057; x_wconf 80' lang='lat' dir='ltr'><strong>eave</strong></span> <span class='ocrx_word' id='word_1_57' title='bbox 625 994 774 1078; x_wconf 84' lang='lat' dir='ltr'><strong>exempla</strong></span> <span class='ocrx_word' id='word_1_58' title='bbox 792 994 922 1078; x_wconf 84' lang='lat' dir='ltr'><strong>afferas,</strong></span> <span class='ocrx_word' id='word_1_59' title='bbox 941 993 1052 1076; x_wconf 92' lang='lat' dir='ltr'><strong>qualia</strong></span> <span class='ocrx_word' id='word_1_60' title='bbox 1071 996 1147 1057; x_wconf 90' lang='lat' dir='ltr'><strong>sunt</strong></span> <span class='ocrx_word' id='word_1_61' title='bbox 1166 994 1260 1058; x_wconf 83' lang='lat' dir='ltr'><strong>tincta</strong></span> <span class='ocrx_word' id='word_1_62' title='bbox 1278 993 1387 1057; x_wconf 71' lang='lat' dir='ltr'><strong>urbere</strong></span> <span class='ocrx_word' id='word_1_63' title='bbox 1401 1014 1497 1074; x_wconf 76' lang='lat' dir='ltr'><strong>penus</strong></span> <span class='ocrx_word' id='word_1_64' title='bbox 1515 999 1549 1058; x_wconf 87' lang='lat' dir='ltr'><strong>ct</strong></span> <span class='ocrx_word' id='word_1_65' title='bbox 1567 993 1695 1058; x_wconf 77' lang='lat' dir='ltr'><strong>similia</strong></span> <span class='ocrx_word' id='word_1_66' title='bbox 1732 993 1831 1059; x_wconf 88' lang='lat' dir='ltr'><strong>Recte</strong></span> <span class='ocrx_word' id='word_1_67' title='bbox 1851 993 2030 1060; x_wconf 84' lang='lat' dir='ltr'><strong>Scriverius</strong></span> 
     </span>
     <span class='ocr_line' id='line_1_7' title="bbox 267 1098 2029 1186; baseline 0.002 -24"><span class='ocrx_word' id='word_1_68' title='bbox 267 1100 366 1164; x_wconf 81' lang='lat' dir='ltr'><strong>uotis</strong></span> <span class='ocrx_word' id='word_1_69' title='bbox 395 1099 469 1182; x_wconf 74' lang='lat' dir='ltr'><strong>iles,</strong></span> <span class='ocrx_word' id='word_1_70' title='bbox 500 1099 585 1183; x_wconf 88' lang='lat' dir='ltr'><strong>quod</strong></span> <span class='ocrx_word' id='word_1_71' title='bbox 615 1121 680 1164; x_wconf 89' lang='lat' dir='ltr'><strong>uon</strong></span> <span class='ocrx_word' id='word_1_72' title='bbox 712 1101 807 1165; x_wconf 89' lang='lat' dir='ltr'><strong>modo</strong></span> <span class='ocrx_word' id='word_1_73' title='bbox 839 1099 864 1163; x_wconf 94' lang='lat' dir='ltr'>P</span> <span class='ocrx_word' id='word_1_74' title='bbox 893 1100 1006 1184; x_wconf 89' lang='lat' dir='ltr'><strong>habet,</strong></span> <span class='ocrx_word' id='word_1_75' title='bbox 1035 1099 1092 1165; x_wconf 91' lang='lat' dir='ltr'><strong>sed</strong></span> <span class='ocrx_word' id='word_1_76' title='bbox 1124 1099 1223 1165; x_wconf 88' lang='lat' dir='ltr'><strong>etiam</strong></span> <span class='ocrx_word' id='word_1_77' title='bbox 1254 1098 1339 1183; x_wconf 88' lang='lat' dir='ltr'><strong>ipius</strong></span> <span class='ocrx_word' id='word_1_78' title='bbox 1363 1099 1507 1165; x_wconf 86' lang='lat' dir='ltr'><strong>familiae</strong></span> <span class='ocrx_word' id='word_1_79' title='bbox 1532 1098 1577 1165; x_wconf 64' lang='grc' dir='ltr'><strong>(3ι</strong></span> <span class='ocrx_word' id='word_1_80' title='bbox 1599 1099 1683 1165; x_wconf 89' lang='lat' dir='ltr'><strong>liber</strong></span> <span class='ocrx_word' id='word_1_81' title='bbox 1705 1100 1743 1165; x_wconf 81' lang='lat' dir='ltr'><strong>A.</strong></span> <span class='ocrx_word' id='word_1_82' title='bbox 1789 1099 1828 1165; x_wconf 91' lang='lat' dir='ltr'><strong>In</strong></span> <span class='ocrx_word' id='word_1_83' title='bbox 1853 1101 2029 1186; x_wconf 88' lang='lat' dir='ltr'><strong>archetypo</strong></span> 
     </span>
     <span class='ocr_line' id='line_1_8' title="bbox 210 1202 2030 1292; baseline 0.002 -22"><span class='ocrx_word' id='word_1_84' title='bbox 210 1211 215 1220; x_wconf 93' lang='lat'>&#39;</span> <span class='ocrx_word' id='word_1_85' title='bbox 268 1205 412 1270; x_wconf 83' lang='lat' dir='ltr'><strong>familiae</strong></span> <span class='ocrx_word' id='word_1_86' title='bbox 437 1202 482 1270; x_wconf 80' lang='lat' dir='ltr'><strong>G·</strong></span> <span class='ocrx_word' id='word_1_87' title='bbox 505 1205 634 1271; x_wconf 87' lang='lat' dir='ltr'><strong>videtur</strong></span> <span class='ocrx_word' id='word_1_88' title='bbox 656 1207 776 1272; x_wconf 87' lang='lat' dir='ltr'><strong>litteris</strong></span> <span class='ocrx_word' id='word_1_89' title='bbox 802 1207 907 1272; x_wconf 89' lang='lat' dir='ltr'><strong>miuus</strong></span> <span class='ocrx_word' id='word_1_90' title='bbox 932 1211 1018 1272; x_wconf 88' lang='lat' dir='ltr'><strong>recte</strong></span> <span class='ocrx_word' id='word_1_91' title='bbox 1041 1205 1227 1272; x_wconf 73' lang='lat' dir='ltr'><strong>distributis</strong></span> <span class='ocrx_word' id='word_1_92' title='bbox 1250 1205 1351 1270; x_wconf 83' lang='lat' dir='ltr'><strong>fuisse</strong></span> <span class='ocrx_word' id='word_1_93' title='bbox 1364 1211 1484 1288; x_wconf 64' lang='lat' dir='ltr'><strong>menete</strong></span> <span class='ocrx_word' id='word_1_94' title='bbox 1506 1207 1585 1270; x_wconf 81' lang='lat' dir='ltr'><strong>nuti</strong></span> <span class='ocrx_word' id='word_1_95' title='bbox 1606 1209 1717 1284; x_wconf 61' lang='lat' dir='ltr'><strong>silem</strong></span> <span class='ocrx_word' id='word_1_96' title='bbox 1748 1208 1845 1292; x_wconf 91' lang='lat' dir='ltr'><strong>idque</strong></span> <span class='ocrx_word' id='word_1_97' title='bbox 1865 1213 2030 1274; x_wconf 78' lang='lat' dir='ltr'><strong>servatum</strong></span> 
     </span>
     <span class='ocr_line' id='line_1_9' title="bbox 269 1309 2029 1399; baseline 0 -21"><span class='ocrx_word' id='word_1_98' title='bbox 269 1319 318 1378; x_wconf 90' lang='lat' dir='ltr'><strong>est</strong></span> <span class='ocrx_word' id='word_1_99' title='bbox 341 1313 375 1378; x_wconf 89' lang='lat' dir='ltr'><strong>in</strong></span> <span class='ocrx_word' id='word_1_100' title='bbox 400 1311 442 1398; x_wconf 86' lang='lat' dir='ltr'><strong>G,</strong></span> <span class='ocrx_word' id='word_1_101' title='bbox 465 1316 649 1377; x_wconf 89' lang='lat' dir='ltr'><strong>correctura</strong></span> <span class='ocrx_word' id='word_1_102' title='bbox 679 1319 789 1379; x_wconf 85' lang='lat' dir='ltr'><strong>autem</strong></span> <span class='ocrx_word' id='word_1_103' title='bbox 821 1315 855 1378; x_wconf 89' lang='lat' dir='ltr'><strong>in</strong></span> <span class='ocrx_word' id='word_1_104' title='bbox 879 1336 914 1397; x_wconf 80' lang='lat' dir='ltr'><strong>p.</strong></span> <span class='ocrx_word' id='word_1_105' title='bbox 936 1319 1023 1378; x_wconf 83' lang='lat' dir='ltr'><strong>cota</strong></span> <span class='ocrx_word' id='word_1_106' title='bbox 1051 1314 1147 1378; x_wconf 79' lang='lat' dir='ltr'><strong>silex</strong></span> <span class='ocrx_word' id='word_1_107' title='bbox 1177 1309 1266 1399; x_wconf 81' lang='lat' dir='ltr'><strong>(siet)</strong></span> <span class='ocrx_word' id='word_1_108' title='bbox 1298 1317 1461 1378; x_wconf 86' lang='lat' dir='ltr'><strong>mutatum</strong></span> <span class='ocrx_word' id='word_1_109' title='bbox 1490 1312 1524 1378; x_wconf 90' lang='lat' dir='ltr'><strong>in</strong></span> <span class='ocrx_word' id='word_1_110' title='bbox 1547 1311 1651 1379; x_wconf 87' lang='lat' dir='ltr'>XBG.</span> <span class='ocrx_word' id='word_1_111' title='bbox 1691 1336 1727 1398; x_wconf 81' lang='lat' dir='ltr'><strong>p.</strong></span> <span class='ocrx_word' id='word_1_112' title='bbox 1748 1320 1856 1378; x_wconf 82' lang='lat' dir='ltr'><strong>notas</strong></span> <span class='ocrx_word' id='word_1_113' title='bbox 1890 1315 1966 1380; x_wconf 72' lang='lat' dir='ltr'><strong>iles</strong></span> <span class='ocrx_word' id='word_1_114' title='bbox 1995 1316 2029 1378; x_wconf 90' lang='lat' dir='ltr'><strong>in</strong></span> 
     </span>
     <span class='ocr_line' id='line_1_10' title="bbox 267 1419 764 1486; baseline 0 -1"><span class='ocrx_word' id='word_1_115' title='bbox 267 1420 359 1486; x_wconf 88' lang='lat' dir='ltr'><strong>nullo</strong></span> <span class='ocrx_word' id='word_1_116' title='bbox 384 1420 515 1486; x_wconf 89' lang='lat' dir='ltr'><strong>omnino</strong></span> <span class='ocrx_word' id='word_1_117' title='bbox 539 1419 623 1484; x_wconf 91' lang='lat' dir='ltr'><strong>libro</strong></span> <span class='ocrx_word' id='word_1_118' title='bbox 649 1425 764 1485; x_wconf 86' lang='lat' dir='ltr'><strong>exstat.</strong></span> 
     </span>
    </p>
   </div>
   <div class='ocr_carea' id='block_1_4' title="bbox 268 1541 2029 2604">
    <p class='ocr_par' dir='ltr' id='par_1_4' title="bbox 268 1541 2029 2275">
     <span class='ocr_line' id='line_1_11' title="bbox 429 1541 2029 1633; baseline 0.002 -23"><span class='ocrx_word' id='word_1_119' title='bbox 429 1545 457 1610; x_wconf 85' lang='lat'><strong>3.</strong></span> <span class='ocrx_word' id='word_1_120' title='bbox 481 1545 575 1620; x_wconf 87' lang='lat' dir='ltr'><strong>vm,</strong></span> <span class='ocrx_word' id='word_1_121' title='bbox 592 1544 639 1618; x_wconf 78' lang='lat' dir='ltr'><strong>bb,</strong></span> <span class='ocrx_word' id='word_1_122' title='bbox 651 1546 685 1606; x_wconf 83' lang='lat'><strong>6:</strong></span> <span class='ocrx_word' id='word_1_123' title='bbox 718 1543 995 1611; x_wconf 85' lang='lat' dir='ltr'><strong>Schneidewiuus:</strong></span> <span class='ocrx_word' id='word_1_124' title='bbox 1019 1544 1121 1610; x_wconf 76' lang='lat' dir='ltr'><strong>Rornu</strong></span> <span class='ocrx_word' id='word_1_125' title='bbox 1138 1545 1286 1609; x_wconf 82' lang='lat' dir='ltr'><strong>salutauit</strong></span> <span class='ocrx_word' id='word_1_126' title='bbox 1302 1565 1370 1610; x_wconf 85' lang='lat' dir='ltr'><strong>uoce</strong></span> <span class='ocrx_word' id='word_1_127' title='bbox 1387 1565 1541 1626; x_wconf 72' lang='lat' dir='ltr'><strong>metuque</strong></span> <span class='ocrx_word' id='word_1_128' title='bbox 1558 1547 1660 1610; x_wconf 83' lang='lat' dir='ltr'><strong>deum</strong></span> <span class='ocrx_word' id='word_1_129' title='bbox 1679 1541 1715 1632; x_wconf 89' lang='lat' dir='ltr'><strong>(i.</strong></span> <span class='ocrx_word' id='word_1_130' title='bbox 1730 1567 1756 1610; x_wconf 90' lang='lat' dir='ltr'><strong>e.</strong></span> <span class='ocrx_word' id='word_1_131' title='bbox 1776 1544 2029 1633; x_wconf 87' lang='lat' dir='ltr'><strong>Domitianum).</strong></span> 
     </span>
     <span class='ocr_line' id='line_1_12' title="bbox 268 1645 2028 1739; baseline 0.001 -22"><span class='ocrx_word' id='word_1_132' title='bbox 268 1655 403 1737; x_wconf 82' lang='lat' dir='ltr'><strong>ducem,</strong></span> <span class='ocrx_word' id='word_1_133' title='bbox 434 1652 520 1738; x_wconf 91' lang='lat' dir='ltr'><strong>quod</strong></span> <span class='ocrx_word' id='word_1_134' title='bbox 549 1655 636 1716; x_wconf 86' lang='lat' dir='ltr'><strong>recte</strong></span> <span class='ocrx_word' id='word_1_135' title='bbox 666 1652 810 1718; x_wconf 87' lang='lat' dir='ltr'><strong>servavit</strong></span> <span class='ocrx_word' id='word_1_136' title='bbox 833 1649 1011 1718; x_wconf 83' lang='lat' dir='ltr'><strong>Scriverius</strong></span> <span class='ocrx_word' id='word_1_137' title='bbox 1042 1648 1096 1738; x_wconf 88' lang='lat' dir='ltr'><strong>(ef.</strong></span> <span class='ocrx_word' id='word_1_138' title='bbox 1115 1651 1291 1736; x_wconf 79' lang='lat' dir='ltr'>V1,83,2.</span> <span class='ocrx_word' id='word_1_139' title='bbox 1323 1651 1383 1735; x_wconf 84' lang='lat' dir='ltr'><strong>XI,</strong></span> <span class='ocrx_word' id='word_1_140' title='bbox 1398 1645 1476 1736; x_wconf 76' lang='lat'>5,&#39;9.</span> <span class='ocrx_word' id='word_1_141' title='bbox 1496 1648 1551 1737; x_wconf 90' lang='lat' dir='ltr'><strong>al.)</strong></span> <span class='ocrx_word' id='word_1_142' title='bbox 1575 1652 1732 1737; x_wconf 75' lang='lat' dir='ltr'><strong>praebent</strong></span> <span class='ocrx_word' id='word_1_143' title='bbox 1754 1651 1780 1716; x_wconf 92' lang='lat' dir='ltr'>P</span> <span class='ocrx_word' id='word_1_144' title='bbox 1804 1659 1902 1738; x_wconf 91' lang='lat' dir='ltr'><strong>atque</strong></span> <span class='ocrx_word' id='word_1_145' title='bbox 1925 1654 2028 1739; x_wconf 89' lang='lat' dir='ltr'><strong>ipsius</strong></span> 
     </span>
     <span class='ocr_line' id='line_1_13' title="bbox 268 1751 2028 1848; baseline 0.002 -24"><span class='ocrx_word' id='word_1_146' title='bbox 268 1759 413 1825; x_wconf 85' lang='lat' dir='ltr'><strong>familiae</strong></span> <span class='ocrx_word' id='word_1_147' title='bbox 434 1758 478 1825; x_wconf 81' lang='lat' dir='ltr'><strong>O·</strong></span> <span class='ocrx_word' id='word_1_148' title='bbox 498 1758 573 1823; x_wconf 80' lang='lat' dir='ltr'><strong>libri</strong></span> <span class='ocrx_word' id='word_1_149' title='bbox 593 1756 618 1824; x_wconf 82' lang='grc' dir='ltr'>Ο</span> <span class='ocrx_word' id='word_1_150' title='bbox 639 1763 673 1824; x_wconf 91' lang='lat' dir='ltr'><strong>et</strong></span> <span class='ocrx_word' id='word_1_151' title='bbox 692 1757 739 1844; x_wconf 77' lang='lat' dir='ltr'><strong>(iu</strong></span> <span class='ocrx_word' id='word_1_152' title='bbox 759 1757 997 1844; x_wconf 88' lang='lat' dir='ltr'><strong>dittographia)</strong></span> <span class='ocrx_word' id='word_1_153' title='bbox 1013 1757 1052 1824; x_wconf 84' lang='lat' dir='ltr'><strong>G.</strong></span> <span class='ocrx_word' id='word_1_154' title='bbox 1087 1759 1191 1823; x_wconf 77' lang='lat' dir='ltr'><strong>decem</strong></span> <span class='ocrx_word' id='word_1_155' title='bbox 1209 1779 1274 1823; x_wconf 91' lang='lat' dir='ltr'><strong>nou</strong></span> <span class='ocrx_word' id='word_1_156' title='bbox 1296 1763 1347 1823; x_wconf 90' lang='lat' dir='ltr'><strong>est</strong></span> <span class='ocrx_word' id='word_1_157' title='bbox 1366 1759 1430 1823; x_wconf 88' lang='lat' dir='ltr'><strong>uisi</strong></span> <span class='ocrx_word' id='word_1_158' title='bbox 1448 1759 1482 1822; x_wconf 89' lang='lat' dir='ltr'><strong>iu</strong></span> <span class='ocrx_word' id='word_1_159' title='bbox 1495 1751 1705 1825; x_wconf 84' lang='lat' dir='ltr'><strong>‘correctura’</strong></span> <span class='ocrx_word' id='word_1_160' title='bbox 1727 1756 1878 1845; x_wconf 84' lang='lat' dir='ltr'><strong>(alterius</strong></span> <span class='ocrx_word' id='word_1_161' title='bbox 1897 1759 2028 1848; x_wconf 82' lang='lat' dir='ltr'><strong>manus)</strong></span> 
     </span>
     <span class='ocr_line' id='line_1_14' title="bbox 270 1864 2028 1952; baseline 0.002 -21"><span class='ocrx_word' id='word_1_162' title='bbox 270 1867 387 1932; x_wconf 90' lang='lat' dir='ltr'><strong>codicis</strong></span> <span class='ocrx_word' id='word_1_163' title='bbox 411 1866 439 1931; x_wconf 95' lang='lat' dir='ltr'><strong>B</strong></span> <span class='ocrx_word' id='word_1_164' title='bbox 464 1870 497 1931; x_wconf 92' lang='lat' dir='ltr'><strong>et</strong></span> <span class='ocrx_word' id='word_1_165' title='bbox 519 1867 554 1930; x_wconf 89' lang='lat' dir='ltr'><strong>in</strong></span> <span class='ocrx_word' id='word_1_166' title='bbox 577 1865 802 1952; x_wconf 86' lang='lat' dir='ltr'><strong>dittographia</strong></span> <span class='ocrx_word' id='word_1_167' title='bbox 824 1867 944 1932; x_wconf 90' lang='lat' dir='ltr'><strong>codicis</strong></span> <span class='ocrx_word' id='word_1_168' title='bbox 965 1866 1002 1930; x_wconf 88' lang='lat' dir='ltr'><strong>G.</strong></span> <span class='ocrx_word' id='word_1_169' title='bbox 1048 1864 1147 1930; x_wconf 84' lang='lat' dir='ltr'><strong>XAB</strong></span> <span class='ocrx_word' id='word_1_170' title='bbox 1170 1864 1293 1930; x_wconf 86' lang='lat' dir='ltr'><strong>habent</strong></span> <span class='ocrx_word' id='word_1_171' title='bbox 1316 1867 1444 1930; x_wconf 83' lang='lat' dir='ltr'><strong>dueum</strong></span> <span class='ocrx_word' id='word_1_172' title='bbox 1468 1869 1581 1950; x_wconf 87' lang='lat' dir='ltr'><strong>aperto</strong></span> <span class='ocrx_word' id='word_1_173' title='bbox 1601 1865 1725 1931; x_wconf 86' lang='lat' dir='ltr'><strong>mendo.</strong></span> <span class='ocrx_word' id='word_1_174' title='bbox 1772 1864 1848 1932; x_wconf 89' lang='lat' dir='ltr'><strong>Siue</strong></span> <span class='ocrx_word' id='word_1_175' title='bbox 1871 1867 1969 1934; x_wconf 91' lang='lat' dir='ltr'><strong>dubio</strong></span> <span class='ocrx_word' id='word_1_176' title='bbox 1994 1870 2028 1935; x_wconf 89' lang='lat' dir='ltr'><strong>iu</strong></span> 
     </span>
     <span class='ocr_line' id='line_1_15' title="bbox 268 1963 2027 2059; baseline 0.002 -21"><span class='ocrx_word' id='word_1_177' title='bbox 268 1975 445 2058; x_wconf 82' lang='lat' dir='ltr'><strong>archetypo</strong></span> <span class='ocrx_word' id='word_1_178' title='bbox 468 1973 611 2038; x_wconf 85' lang='lat' dir='ltr'><strong>familiae</strong></span> <span class='ocrx_word' id='word_1_179' title='bbox 635 1969 680 2038; x_wconf 72' lang='lat' dir='ltr'><strong>C*</strong></span> <span class='ocrx_word' id='word_1_180' title='bbox 703 1973 767 2039; x_wconf 84' lang='lat' dir='ltr'><strong>levi</strong></span> <span class='ocrx_word' id='word_1_181' title='bbox 790 1963 975 2058; x_wconf 82' lang='lat' dir='ltr'><strong>corruptela</strong></span> <span class='ocrx_word' id='word_1_182' title='bbox 997 1975 1108 2038; x_wconf 80' lang='lat' dir='ltr'><strong>ducum</strong></span> <span class='ocrx_word' id='word_1_183' title='bbox 1132 1968 1205 2058; x_wconf 86' lang='lat' dir='ltr'><strong>(pro</strong></span> <span class='ocrx_word' id='word_1_184' title='bbox 1228 1971 1348 2059; x_wconf 72' lang='lat' dir='ltr'><strong>desuem)</strong></span> <span class='ocrx_word' id='word_1_185' title='bbox 1373 1971 1531 2057; x_wconf 88' lang='lat' dir='ltr'><strong>scriptum</strong></span> <span class='ocrx_word' id='word_1_186' title='bbox 1558 1971 1624 2037; x_wconf 81' lang='lat' dir='ltr'><strong>fuit</strong></span> <span class='ocrx_word' id='word_1_187' title='bbox 1645 1971 1741 2058; x_wconf 88' lang='lat' dir='ltr'><strong>idque</strong></span> <span class='ocrx_word' id='word_1_188' title='bbox 1769 1974 1803 2038; x_wconf 89' lang='lat' dir='ltr'><strong>in</strong></span> <span class='ocrx_word' id='word_1_189' title='bbox 1832 1974 1906 2038; x_wconf 90' lang='lat' dir='ltr'><strong>aliis</strong></span> <span class='ocrx_word' id='word_1_190' title='bbox 1935 1975 2027 2042; x_wconf 88' lang='lat' dir='ltr'><strong>libris</strong></span> 
     </span>
     <span class='ocr_line' id='line_1_16' title="bbox 269 2076 2027 2167; baseline 0.002 -22"><span class='ocrx_word' id='word_1_191' title='bbox 269 2085 433 2146; x_wconf 83' lang='lat' dir='ltr'><strong>servatum</strong></span> <span class='ocrx_word' id='word_1_192' title='bbox 466 2084 529 2166; x_wconf 85' lang='lat' dir='ltr'><strong>est,</strong></span> <span class='ocrx_word' id='word_1_193' title='bbox 558 2080 594 2145; x_wconf 89' lang='lat' dir='ltr'><strong>in</strong></span> <span class='ocrx_word' id='word_1_194' title='bbox 626 2080 700 2145; x_wconf 87' lang='lat' dir='ltr'><strong>eliis</strong></span> <span class='ocrx_word' id='word_1_195' title='bbox 732 2085 895 2145; x_wconf 90' lang='lat' dir='ltr'><strong>mutatum</strong></span> <span class='ocrx_word' id='word_1_196' title='bbox 928 2083 987 2144; x_wconf 87' lang='lat' dir='ltr'><strong>aut</strong></span> <span class='ocrx_word' id='word_1_197' title='bbox 1017 2081 1051 2145; x_wconf 93' lang='lat' dir='ltr'><strong>in</strong></span> <span class='ocrx_word' id='word_1_198' title='bbox 1084 2081 1189 2144; x_wconf 82' lang='lat' dir='ltr'><strong>ducem</strong></span> <span class='ocrx_word' id='word_1_199' title='bbox 1220 2077 1269 2164; x_wconf 89' lang='lat' dir='ltr'><strong>(in</strong></span> <span class='ocrx_word' id='word_1_200' title='bbox 1298 2076 1338 2164; x_wconf 80' lang='lat' dir='ltr'><strong>C)</strong></span> <span class='ocrx_word' id='word_1_201' title='bbox 1372 2084 1428 2144; x_wconf 89' lang='lat' dir='ltr'><strong>aut</strong></span> <span class='ocrx_word' id='word_1_202' title='bbox 1457 2080 1490 2143; x_wconf 92' lang='lat' dir='ltr'><strong>iu</strong></span> <span class='ocrx_word' id='word_1_203' title='bbox 1523 2081 1612 2144; x_wconf 63' lang='lat' dir='ltr'><strong>mm</strong></span> <span class='ocrx_word' id='word_1_204' title='bbox 1646 2076 1694 2166; x_wconf 88' lang='lat' dir='ltr'><strong>(iu</strong></span> <span class='ocrx_word' id='word_1_205' title='bbox 1727 2101 1806 2145; x_wconf 85' lang='lat' dir='ltr'><strong>corr.</strong></span> <span class='ocrx_word' id='word_1_206' title='bbox 1829 2078 1872 2167; x_wconf 90' lang='lat' dir='ltr'><strong>B)</strong></span> <span class='ocrx_word' id='word_1_207' title='bbox 1905 2089 1962 2148; x_wconf 89' lang='lat' dir='ltr'><strong>aut</strong></span> <span class='ocrx_word' id='word_1_208' title='bbox 1993 2085 2027 2149; x_wconf 91' lang='lat' dir='ltr'><strong>iu</strong></span> 
     </span>
     <span class='ocr_line' id='line_1_17' title="bbox 269 2184 591 2275; baseline 0.003 -24"><span class='ocrx_word' id='word_1_209' title='bbox 269 2191 442 2272; x_wconf 88' lang='lat' dir='ltr'><strong>utrumque</strong></span> <span class='ocrx_word' id='word_1_210' title='bbox 466 2187 514 2275; x_wconf 78' lang='lat' dir='ltr'><strong>(iu</strong></span> <span class='ocrx_word' id='word_1_211' title='bbox 540 2184 591 2273; x_wconf 81' lang='lat' dir='ltr'><strong>G).</strong></span> 
     </span>
    </p>

    <p class='ocr_par' dir='ltr' id='par_1_5' title="bbox 269 2299 2027 2604">
     <span class='ocr_line' id='line_1_18' title="bbox 428 2299 2027 2388; baseline 0.002 -20"><span class='ocrx_word' id='word_1_212' title='bbox 428 2305 458 2368; x_wconf 87' lang='lat'><strong>4.</strong></span> <span class='ocrx_word' id='word_1_213' title='bbox 482 2305 518 2380; x_wconf 83' lang='lat' dir='ltr'><strong>V,</strong></span> <span class='ocrx_word' id='word_1_214' title='bbox 535 2303 661 2380; x_wconf 82' lang='lat' dir='ltr'><strong>80,ls.:</strong></span> <span class='ocrx_word' id='word_1_215' title='bbox 692 2299 767 2368; x_wconf 82' lang='lat' dir='ltr'><strong>Non</strong></span> <span class='ocrx_word' id='word_1_216' title='bbox 789 2307 883 2388; x_wconf 79' lang='lat' dir='ltr'><strong>tutum</strong></span> <span class='ocrx_word' id='word_1_217' title='bbox 906 2302 996 2386; x_wconf 80' lang='lat' dir='ltr'><strong>mibi,</strong></span> <span class='ocrx_word' id='word_1_218' title='bbox 1019 2303 1047 2367; x_wconf 85' lang='lat' dir='ltr'><strong>si</strong></span> <span class='ocrx_word' id='word_1_219' title='bbox 1073 2302 1231 2385; x_wconf 80' lang='lat' dir='ltr'><strong>vacabit,</strong></span> <span class='ocrx_word' id='word_1_220' title='bbox 1258 2302 1367 2365; x_wconf 85' lang='lat' dir='ltr'><strong>boram</strong></span> <span class='ocrx_word' id='word_1_221' title='bbox 1391 2301 1494 2366; x_wconf 85' lang='lat' dir='ltr'><strong>Dones</strong></span> <span class='ocrx_word' id='word_1_222' title='bbox 1517 2306 1545 2366; x_wconf 90' lang='lat' dir='ltr'><strong>et</strong></span> <span class='ocrx_word' id='word_1_223' title='bbox 1568 2302 1635 2366; x_wconf 85' lang='lat' dir='ltr'><strong>licet</strong></span> <span class='ocrx_word' id='word_1_224' title='bbox 1656 2303 1798 2388; x_wconf 81' lang='lat' dir='ltr'><strong>imputes,</strong></span> <span class='ocrx_word' id='word_1_225' title='bbox 1822 2303 1936 2370; x_wconf 82' lang='lat' dir='ltr'><strong>Severe.</strong></span> <span class='ocrx_word' id='word_1_226' title='bbox 1974 2304 2027 2372; x_wconf 92' lang='lat' dir='ltr'><strong>Sic</strong></span> 
     </span>
     <span class='ocr_line' id='line_1_19' title="bbox 269 2405 2025 2497; baseline 0.001 -21"><span class='ocrx_word' id='word_1_227' title='bbox 269 2409 531 2476; x_wconf 86' lang='lat' dir='ltr'><strong>Schneidewiuus</strong></span> <span class='ocrx_word' id='word_1_228' title='bbox 562 2413 691 2476; x_wconf 88' lang='lat' dir='ltr'><strong>secutus</strong></span> <span class='ocrx_word' id='word_1_229' title='bbox 720 2409 822 2475; x_wconf 90' lang='lat' dir='ltr'><strong>libros</strong></span> <span class='ocrx_word' id='word_1_230' title='bbox 847 2408 915 2474; x_wconf 87' lang='lat' dir='ltr'><strong>BC.</strong></span> <span class='ocrx_word' id='word_1_231' title='bbox 960 2409 1060 2475; x_wconf 88' lang='lat' dir='ltr'><strong>Recte</strong></span> <span class='ocrx_word' id='word_1_232' title='bbox 1084 2407 1274 2474; x_wconf 83' lang='lat' dir='ltr'><strong>Seriverius:</strong></span> <span class='ocrx_word' id='word_1_233' title='bbox 1304 2409 1460 2474; x_wconf 85' lang='lat' dir='ltr'><strong>vacabis.</strong></span> <span class='ocrx_word' id='word_1_234' title='bbox 1511 2405 1598 2472; x_wconf 90' lang='lat' dir='ltr'><strong>Nam</strong></span> <span class='ocrx_word' id='word_1_235' title='bbox 1629 2408 1691 2474; x_wconf 91' lang='lat' dir='ltr'><strong>dici</strong></span> <span class='ocrx_word' id='word_1_236' title='bbox 1719 2414 1829 2494; x_wconf 87' lang='lat' dir='ltr'><strong>potest</strong></span> <span class='ocrx_word' id='word_1_237' title='bbox 1851 2415 2025 2497; x_wconf 89' lang='lat' dir='ltr'><strong>utrumque</strong></span> 
     </span>
     <span class='ocr_line' id='line_1_20' title="bbox 269 2514 2025 2604; baseline 0.001 -22"><span class='ocrx_word' id='word_1_238' title='bbox 269 2514 323 2604; x_wconf 84' lang='lat' dir='ltr'><strong>(cf.</strong></span> <span class='ocrx_word' id='word_1_239' title='bbox 343 2517 389 2601; x_wconf 85' lang='grc' dir='ltr'><strong>ΙΙ,</strong></span> <span class='ocrx_word' id='word_1_240' title='bbox 404 2518 438 2602; x_wconf 82' lang='lat'><strong>5,</strong></span> <span class='ocrx_word' id='word_1_241' title='bbox 453 2515 502 2604; x_wconf 85' lang='lat'><strong>6),</strong></span> <span class='ocrx_word' id='word_1_242' title='bbox 525 2517 646 2582; x_wconf 84' lang='lat' dir='ltr'><strong>cacabis</strong></span> <span class='ocrx_word' id='word_1_243' title='bbox 668 2521 778 2581; x_wconf 88' lang='lat' dir='ltr'><strong>autem</strong></span> <span class='ocrx_word' id='word_1_244' title='bbox 802 2521 853 2581; x_wconf 90' lang='lat' dir='ltr'><strong>est</strong></span> <span class='ocrx_word' id='word_1_245' title='bbox 875 2539 940 2580; x_wconf 91' lang='lat' dir='ltr'><strong>nou</strong></span> <span class='ocrx_word' id='word_1_246' title='bbox 963 2516 1060 2582; x_wconf 90' lang='lat' dir='ltr'><strong>modo</strong></span> <span class='ocrx_word' id='word_1_247' title='bbox 1084 2515 1116 2580; x_wconf 90' lang='lat' dir='ltr'><strong>iu</strong></span> <span class='ocrx_word' id='word_1_248' title='bbox 1142 2514 1176 2600; x_wconf 90' lang='lat' dir='ltr'><strong>P,</strong></span> <span class='ocrx_word' id='word_1_249' title='bbox 1199 2516 1255 2580; x_wconf 88' lang='lat' dir='ltr'><strong>sed</strong></span> <span class='ocrx_word' id='word_1_250' title='bbox 1276 2516 1374 2580; x_wconf 88' lang='lat' dir='ltr'><strong>etiem</strong></span> <span class='ocrx_word' id='word_1_251' title='bbox 1393 2515 1427 2580; x_wconf 92' lang='lat' dir='ltr'><strong>in</strong></span> <span class='ocrx_word' id='word_1_252' title='bbox 1446 2515 1549 2600; x_wconf 79' lang='lat' dir='ltr'><strong>ipsius</strong></span> <span class='ocrx_word' id='word_1_253' title='bbox 1573 2515 1716 2580; x_wconf 86' lang='lat' dir='ltr'><strong>familiae</strong></span> <span class='ocrx_word' id='word_1_254' title='bbox 1737 2515 1782 2581; x_wconf 64' lang='grc' dir='ltr'><strong>Οι</strong></span> <span class='ocrx_word' id='word_1_255' title='bbox 1800 2517 1892 2582; x_wconf 91' lang='lat' dir='ltr'><strong>libris</strong></span> <span class='ocrx_word' id='word_1_256' title='bbox 1917 2517 2025 2586; x_wconf 81' lang='lat' dir='ltr'>XAG.</span> 
     </span>
    </p>
   </div>
   <div class='ocr_carea' id='block_1_5' title="bbox 269 2639 2027 3137">
    <p class='ocr_par' dir='ltr' id='par_1_6' title="bbox 269 2639 2027 3047">
     <span class='ocr_line' id='line_1_21' title="bbox 429 2639 2027 2728; baseline -0.001 -22"><span class='ocrx_word' id='word_1_257' title='bbox 429 2643 458 2708; x_wconf 86' lang='lat'><strong>5.</strong></span> <span class='ocrx_word' id='word_1_258' title='bbox 482 2642 676 2724; x_wconf 77' lang='lat' dir='ltr'><strong>1!‚1os,5e.:</strong></span> <span class='ocrx_word' id='word_1_259' title='bbox 707 2641 913 2724; x_wconf 70' lang='lat' dir='ltr'><strong>Migrandum</strong></span> <span class='ocrx_word' id='word_1_260' title='bbox 931 2647 986 2724; x_wconf 86' lang='lat' dir='ltr'><strong>est,</strong></span> <span class='ocrx_word' id='word_1_261' title='bbox 1004 2645 1039 2704; x_wconf 84' lang='lat' dir='ltr'><strong>ul</strong></span> <span class='ocrx_word' id='word_1_262' title='bbox 1057 2661 1148 2706; x_wconf 73' lang='lat' dir='ltr'><strong>umere</strong></span> <span class='ocrx_word' id='word_1_263' title='bbox 1165 2641 1248 2706; x_wconf 85' lang='lat' dir='ltr'><strong>domi</strong></span> <span class='ocrx_word' id='word_1_264' title='bbox 1267 2646 1305 2724; x_wconf 84' lang='lat' dir='ltr'><strong>te,</strong></span> <span class='ocrx_word' id='word_1_265' title='bbox 1325 2639 1428 2723; x_wconf 82' lang='lat' dir='ltr'><em>Galle,</em></span> <span class='ocrx_word' id='word_1_266' title='bbox 1446 2641 1592 2704; x_wconf 79' lang='lat' dir='ltr'><strong>sulutem:</strong></span> <span class='ocrx_word' id='word_1_267' title='bbox 1615 2661 1649 2705; x_wconf 84' lang='lat' dir='ltr'><strong>es</strong></span> <span class='ocrx_word' id='word_1_268' title='bbox 1668 2643 1778 2726; x_wconf 85' lang='lat' dir='ltr'><strong>tanti,</strong></span> <span class='ocrx_word' id='word_1_269' title='bbox 1796 2643 1842 2706; x_wconf 89' lang='lat' dir='ltr'><strong>uel</strong></span> <span class='ocrx_word' id='word_1_270' title='bbox 1860 2645 1888 2706; x_wconf 83' lang='lat' dir='ltr'><strong>si</strong></span> <span class='ocrx_word' id='word_1_271' title='bbox 1907 2643 2027 2728; x_wconf 76' lang='lat' dir='ltr'><strong>loupiac</strong></span> 
     </span>
     <span class='ocr_line' id='line_1_22' title="bbox 269 2745 2026 2836; baseline 0.002 -24"><span class='ocrx_word' id='word_1_272' title='bbox 269 2749 325 2812; x_wconf 82' lang='lat' dir='ltr'><strong>illu</strong></span> <span class='ocrx_word' id='word_1_273' title='bbox 347 2745 431 2832; x_wconf 85' lang='lat' dir='ltr'><strong>(scil.</strong></span> <span class='ocrx_word' id='word_1_274' title='bbox 449 2747 570 2834; x_wconf 81' lang='lat' dir='ltr'><strong>domus)</strong></span> <span class='ocrx_word' id='word_1_275' title='bbox 592 2749 678 2831; x_wconf 85' lang='lat' dir='ltr'><strong>foret.</strong></span> <span class='ocrx_word' id='word_1_276' title='bbox 729 2747 781 2814; x_wconf 84' lang='lat' dir='ltr'><strong>Es</strong></span> <span class='ocrx_word' id='word_1_277' title='bbox 810 2749 907 2812; x_wconf 82' lang='lat' dir='ltr'><strong>tecti</strong></span> <span class='ocrx_word' id='word_1_278' title='bbox 929 2745 1041 2832; x_wconf 81' lang='grc' dir='ltr'><strong>ΧΑΟ,</strong></span> <span class='ocrx_word' id='word_1_279' title='bbox 1072 2746 1264 2830; x_wconf 83' lang='lat' dir='ltr'><strong>Scriverius,</strong></span> <span class='ocrx_word' id='word_1_280' title='bbox 1294 2745 1566 2812; x_wconf 85' lang='lat' dir='ltr'><strong>Schneidewiuus.</strong></span> <span class='ocrx_word' id='word_1_281' title='bbox 1617 2745 1705 2812; x_wconf 86' lang='lat' dir='ltr'><strong>Malo</strong></span> <span class='ocrx_word' id='word_1_282' title='bbox 1735 2753 1787 2812; x_wconf 78' lang='lat' dir='ltr'><strong>est</strong></span> <span class='ocrx_word' id='word_1_283' title='bbox 1818 2752 1915 2813; x_wconf 83' lang='lat' dir='ltr'><strong>tanti</strong></span> <span class='ocrx_word' id='word_1_284' title='bbox 1942 2747 2026 2836; x_wconf 89' lang='lat' dir='ltr'><strong>(scil.</strong></span> 
     </span>
     <span class='ocr_line' id='line_1_23' title="bbox 272 2851 2026 2942; baseline 0.002 -24"><span class='ocrx_word' id='word_1_285' title='bbox 272 2855 482 2942; x_wconf 66' lang='lat' dir='ltr'><strong>beatulure),</strong></span> <span class='ocrx_word' id='word_1_286' title='bbox 506 2856 591 2941; x_wconf 89' lang='lat' dir='ltr'><strong>quod</strong></span> <span class='ocrx_word' id='word_1_287' title='bbox 614 2861 648 2921; x_wconf 90' lang='lat' dir='ltr'><strong>et</strong></span> <span class='ocrx_word' id='word_1_288' title='bbox 671 2855 825 2920; x_wconf 88' lang='lat' dir='ltr'><strong>urbanius</strong></span> <span class='ocrx_word' id='word_1_289' title='bbox 849 2859 901 2920; x_wconf 88' lang='lat' dir='ltr'><strong>est</strong></span> <span class='ocrx_word' id='word_1_290' title='bbox 925 2889 965 2900; x_wconf 86' lang='lat'>-</span> <span class='ocrx_word' id='word_1_291' title='bbox 989 2877 1065 2919; x_wconf 88' lang='lat' dir='ltr'><strong>nam</strong></span> <span class='ocrx_word' id='word_1_292' title='bbox 1087 2873 1119 2919; x_wconf 73' lang='lat' dir='ltr'><strong>es</strong></span> <span class='ocrx_word' id='word_1_293' title='bbox 1141 2856 1221 2919; x_wconf 77' lang='lat' dir='ltr'><strong>tecti</strong></span> <span class='ocrx_word' id='word_1_294' title='bbox 1243 2852 1316 2940; x_wconf 89' lang='lat' dir='ltr'><strong>(Du</strong></span> <span class='ocrx_word' id='word_1_295' title='bbox 1341 2854 1419 2919; x_wconf 88' lang='lat' dir='ltr'><strong>bist</strong></span> <span class='ocrx_word' id='word_1_296' title='bbox 1443 2876 1477 2919; x_wconf 92' lang='lat' dir='ltr'><strong>es</strong></span> <span class='ocrx_word' id='word_1_297' title='bbox 1496 2851 1590 2939; x_wconf 81' lang='lat' dir='ltr'><strong>wart)</strong></span> <span class='ocrx_word' id='word_1_298' title='bbox 1610 2853 1663 2918; x_wconf 92' lang='lat' dir='ltr'><strong>hic</strong></span> <span class='ocrx_word' id='word_1_299' title='bbox 1682 2854 1762 2919; x_wconf 87' lang='lat' dir='ltr'><strong>mihi</strong></span> <span class='ocrx_word' id='word_1_300' title='bbox 1783 2853 1910 2921; x_wconf 85' lang='lat' dir='ltr'><strong>videtur</strong></span> <span class='ocrx_word' id='word_1_301' title='bbox 1928 2858 2026 2942; x_wconf 89' lang='lat' dir='ltr'><strong>plane</strong></span> 
     </span>
     <span class='ocr_line' id='line_1_24' title="bbox 271 2959 1557 3047; baseline -0.002 -21"><span class='ocrx_word' id='word_1_302' title='bbox 271 2964 424 3028; x_wconf 90' lang='lat' dir='ltr'><strong>rusticum</strong></span> <span class='ocrx_word' id='word_1_303' title='bbox 449 3001 492 3010; x_wconf 92' lang='lat'><em>-</em></span> <span class='ocrx_word' id='word_1_304' title='bbox 516 2969 550 3028; x_wconf 91' lang='lat' dir='ltr'><strong>et</strong></span> <span class='ocrx_word' id='word_1_305' title='bbox 571 2963 605 3027; x_wconf 91' lang='lat' dir='ltr'><strong>iu</strong></span> <span class='ocrx_word' id='word_1_306' title='bbox 628 2961 654 3026; x_wconf 94' lang='lat' dir='ltr'>P</span> <span class='ocrx_word' id='word_1_307' title='bbox 678 2967 777 3047; x_wconf 91' lang='lat' dir='ltr'><strong>atque</strong></span> <span class='ocrx_word' id='word_1_308' title='bbox 799 2962 832 3026; x_wconf 88' lang='lat' dir='ltr'><strong>iu</strong></span> <span class='ocrx_word' id='word_1_309' title='bbox 856 2962 959 3046; x_wconf 85' lang='lat' dir='ltr'><strong>ipsius</strong></span> <span class='ocrx_word' id='word_1_310' title='bbox 982 2961 1127 3027; x_wconf 88' lang='lat' dir='ltr'><strong>familiae</strong></span> <span class='ocrx_word' id='word_1_311' title='bbox 1142 2961 1198 3040; x_wconf 63' lang='lat'><strong>,0¹</strong></span> <span class='ocrx_word' id='word_1_312' title='bbox 1222 2961 1316 3027; x_wconf 89' lang='lat' dir='ltr'><strong>libris</strong></span> <span class='ocrx_word' id='word_1_313' title='bbox 1341 2959 1402 3026; x_wconf 90' lang='lat' dir='ltr'><strong>BG</strong></span> <span class='ocrx_word' id='word_1_314' title='bbox 1426 2960 1557 3046; x_wconf 89' lang='lat' dir='ltr'><strong>legitur.</strong></span> 
     </span>
    </p>

    <p class='ocr_par' dir='ltr' id='par_1_7' title="bbox 429 3068 1449 3137">
     <span class='ocr_line' id='line_1_25' title="bbox 429 3068 1449 3137; baseline -0.006 0"><span class='ocrx_word' id='word_1_315' title='bbox 429 3070 542 3137; x_wconf 88' lang='lat' dir='ltr'><strong>Solum</strong></span> <span class='ocrx_word' id='word_1_316' title='bbox 566 3070 685 3135; x_wconf 90' lang='lat' dir='ltr'><strong>librum</strong></span> <span class='ocrx_word' id='word_1_317' title='bbox 711 3069 738 3136; x_wconf 89' lang='lat' dir='ltr'>G</span> <span class='ocrx_word' id='word_1_318' title='bbox 765 3070 813 3134; x_wconf 91' lang='lat' dir='ltr'><strong>bis</strong></span> <span class='ocrx_word' id='word_1_319' title='bbox 837 3068 1100 3135; x_wconf 83' lang='lat' dir='ltr'><strong>Schneidewinus</strong></span> <span class='ocrx_word' id='word_1_320' title='bbox 1124 3069 1208 3134; x_wconf 89' lang='lat' dir='ltr'><strong>male</strong></span> <span class='ocrx_word' id='word_1_321' title='bbox 1232 3073 1361 3134; x_wconf 88' lang='lat' dir='ltr'><strong>secutus</strong></span> <span class='ocrx_word' id='word_1_322' title='bbox 1386 3072 1449 3132; x_wconf 90' lang='lat' dir='ltr'><strong>est:</strong></span> 
     </span>
    </p>
   </div>
   <div class='ocr_carea' id='block_1_6' title="bbox 269 3189 2025 3921">
    <p class='ocr_par' dir='ltr' id='par_1_8' title="bbox 269 3189 2025 3921">
     <span class='ocr_line' id='line_1_26' title="bbox 430 3189 2025 3282; baseline 0 -22"><span class='ocrx_word' id='word_1_323' title='bbox 430 3199 460 3261; x_wconf 88' lang='grc'><strong>6.</strong></span> <span class='ocrx_word' id='word_1_324' title='bbox 483 3195 543 3270; x_wconf 83' lang='lat' dir='ltr'><strong>VI,</strong></span> <span class='ocrx_word' id='word_1_325' title='bbox 558 3195 606 3269; x_wconf 80' lang='lat'><strong>74,</strong></span> <span class='ocrx_word' id='word_1_326' title='bbox 618 3194 651 3254; x_wconf 81' lang='lat'><strong>2:</strong></span> <span class='ocrx_word' id='word_1_327' title='bbox 691 3195 819 3260; x_wconf 80' lang='lat' dir='ltr'><strong>Caluam</strong></span> <span class='ocrx_word' id='word_1_328' title='bbox 839 3195 962 3278; x_wconf 74' lang='lat' dir='ltr'><strong>trifilem</strong></span> <span class='ocrx_word' id='word_1_329' title='bbox 981 3195 1194 3259; x_wconf 79' lang='lat' dir='ltr'><strong>scutiluctus</strong></span> <span class='ocrx_word' id='word_1_330' title='bbox 1211 3199 1370 3276; x_wconf 67' lang='lat' dir='ltr'><strong>cupiente.</strong></span> <span class='ocrx_word' id='word_1_331' title='bbox 1404 3191 1457 3257; x_wconf 86' lang='lat' dir='ltr'><strong>Sic</strong></span> <span class='ocrx_word' id='word_1_332' title='bbox 1473 3189 1631 3278; x_wconf 83' lang='lat' dir='ltr'><strong>Scaliger,</strong></span> <span class='ocrx_word' id='word_1_333' title='bbox 1651 3191 1819 3279; x_wconf 84' lang='lat' dir='ltr'><strong>Heinsius,</strong></span> <span class='ocrx_word' id='word_1_334' title='bbox 1837 3191 2025 3282; x_wconf 81' lang='lat' dir='ltr'><strong>Scriverius,</strong></span> 
     </span>
     <span class='ocr_line' id='line_1_27' title="bbox 271 3299 2025 3387; baseline -0.001 -17"><span class='ocrx_word' id='word_1_335' title='bbox 271 3304 545 3387; x_wconf 75' lang='lat' dir='ltr'><strong>SchneidewinuS‚</strong></span> <span class='ocrx_word' id='word_1_336' title='bbox 569 3324 763 3386; x_wconf 85' lang='lat' dir='ltr'><strong>quamquam</strong></span> <span class='ocrx_word' id='word_1_337' title='bbox 788 3303 1001 3367; x_wconf 82' lang='lat' dir='ltr'><strong>semitectus</strong></span> <span class='ocrx_word' id='word_1_338' title='bbox 1024 3300 1113 3365; x_wconf 90' lang='lat' dir='ltr'><strong>solus</strong></span> <span class='ocrx_word' id='word_1_339' title='bbox 1138 3299 1166 3366; x_wconf 82' lang='lat' dir='ltr'><strong>G</strong></span> <span class='ocrx_word' id='word_1_340' title='bbox 1191 3299 1237 3386; x_wconf 74' lang='lat' dir='ltr'><strong>(l)</strong></span> <span class='ocrx_word' id='word_1_341' title='bbox 1265 3301 1377 3385; x_wconf 85' lang='lat' dir='ltr'><strong>habet,</strong></span> <span class='ocrx_word' id='word_1_342' title='bbox 1406 3301 1599 3364; x_wconf 80' lang='lat' dir='ltr'><strong>semitatus</strong></span> <span class='ocrx_word' id='word_1_343' title='bbox 1628 3304 1662 3364; x_wconf 89' lang='lat' dir='ltr'><strong>et</strong></span> <span class='ocrx_word' id='word_1_344' title='bbox 1689 3301 1787 3366; x_wconf 88' lang='lat' dir='ltr'><strong>ceteri</strong></span> <span class='ocrx_word' id='word_1_345' title='bbox 1810 3300 1956 3366; x_wconf 88' lang='lat' dir='ltr'><strong>familiae</strong></span> <span class='ocrx_word' id='word_1_346' title='bbox 1980 3301 2025 3368; x_wconf 62' lang='grc' dir='ltr'><strong>Ο*</strong></span> 
     </span>
     <span class='ocr_line' id='line_1_28' title="bbox 270 3404 2025 3494; baseline -0.001 -17"><span class='ocrx_word' id='word_1_347' title='bbox 270 3417 303 3478; x_wconf 89' lang='lat' dir='ltr'><strong>et</strong></span> <span class='ocrx_word' id='word_1_348' title='bbox 326 3407 431 3494; x_wconf 71' lang='lat' dir='ltr'><strong>PpQ.</strong></span> <span class='ocrx_word' id='word_1_349' title='bbox 476 3409 562 3494; x_wconf 82' lang='lat' dir='ltr'><strong>Ego,</strong></span> <span class='ocrx_word' id='word_1_350' title='bbox 586 3409 664 3494; x_wconf 89' lang='lat' dir='ltr'><strong>quid</strong></span> <span class='ocrx_word' id='word_1_351' title='bbox 686 3411 859 3474; x_wconf 77' lang='lat' dir='ltr'><strong>sentituctus</strong></span> <span class='ocrx_word' id='word_1_352' title='bbox 880 3409 934 3473; x_wconf 89' lang='lat' dir='ltr'><strong>hic</strong></span> <span class='ocrx_word' id='word_1_353' title='bbox 951 3407 1016 3472; x_wconf 92' lang='lat' dir='ltr'><strong>sibi</strong></span> <span class='ocrx_word' id='word_1_354' title='bbox 1035 3408 1128 3493; x_wconf 86' lang='lat' dir='ltr'><strong>velit,</strong></span> <span class='ocrx_word' id='word_1_355' title='bbox 1150 3431 1216 3472; x_wconf 88' lang='lat' dir='ltr'><strong>uun</strong></span> <span class='ocrx_word' id='word_1_356' title='bbox 1245 3407 1412 3492; x_wconf 86' lang='lat' dir='ltr'><strong>intellego.</strong></span> <span class='ocrx_word' id='word_1_357' title='bbox 1448 3404 1533 3471; x_wconf 88' lang='lat' dir='ltr'><strong>Nam</strong></span> <span class='ocrx_word' id='word_1_358' title='bbox 1559 3405 1659 3470; x_wconf 87' lang='lat' dir='ltr'><strong>homo</strong></span> <span class='ocrx_word' id='word_1_359' title='bbox 1686 3407 1775 3491; x_wconf 84' lang='lat' dir='ltr'><strong>talis,</strong></span> <span class='ocrx_word' id='word_1_360' title='bbox 1807 3408 1935 3493; x_wconf 89' lang='lat' dir='ltr'><strong>qualem</strong></span> <span class='ocrx_word' id='word_1_361' title='bbox 1963 3411 2025 3476; x_wconf 92' lang='lat' dir='ltr'><strong>hoc</strong></span> 
     </span>
     <span class='ocr_line' id='line_1_29' title="bbox 270 3512 2025 3604; baseline 0.001 -22"><span class='ocrx_word' id='word_1_362' title='bbox 270 3520 507 3604; x_wconf 82' lang='lat' dir='ltr'><strong>epigrammate</strong></span> <span class='ocrx_word' id='word_1_363' title='bbox 537 3517 693 3582; x_wconf 82' lang='lat' dir='ltr'><strong>describit</strong></span> <span class='ocrx_word' id='word_1_364' title='bbox 721 3520 832 3600; x_wconf 89' lang='lat' dir='ltr'><strong>poeta,</strong></span> <span class='ocrx_word' id='word_1_365' title='bbox 861 3537 926 3580; x_wconf 90' lang='lat' dir='ltr'><strong>nou</strong></span> <span class='ocrx_word' id='word_1_366' title='bbox 957 3512 1040 3579; x_wconf 89' lang='lat' dir='ltr'><strong>solet</strong></span> <span class='ocrx_word' id='word_1_367' title='bbox 1069 3535 1186 3598; x_wconf 86' lang='lat' dir='ltr'><strong>parum·</strong></span> <span class='ocrx_word' id='word_1_368' title='bbox 1208 3514 1362 3598; x_wconf 79' lang='lat' dir='ltr'><strong>capillum</strong></span> <span class='ocrx_word' id='word_1_369' title='bbox 1383 3533 1516 3598; x_wconf 83' lang='lat' dir='ltr'><strong>ungere,</strong></span> <span class='ocrx_word' id='word_1_370' title='bbox 1540 3512 1596 3577; x_wconf 90' lang='lat' dir='ltr'><strong>sed</strong></span> <span class='ocrx_word' id='word_1_371' title='bbox 1619 3513 1726 3578; x_wconf 87' lang='lat' dir='ltr'><strong>nimis.</strong></span> <span class='ocrx_word' id='word_1_372' title='bbox 1771 3513 1950 3600; x_wconf 80' lang='lat' dir='ltr'><strong>Egregium</strong></span> <span class='ocrx_word' id='word_1_373' title='bbox 1974 3525 2025 3583; x_wconf 89' lang='lat' dir='ltr'><strong>est</strong></span> 
     </span>
     <span class='ocr_line' id='line_1_30' title="bbox 269 3617 2024 3708; baseline -0.001 -18"><span class='ocrx_word' id='word_1_374' title='bbox 269 3628 461 3690; x_wconf 80' lang='lat' dir='ltr'><strong>semitatus</strong></span> <span class='ocrx_word' id='word_1_375' title='bbox 484 3629 645 3706; x_wconf 67' lang='lat' dir='ltr'><strong>unguento.</strong></span> <span class='ocrx_word' id='word_1_376' title='bbox 691 3621 864 3708; x_wconf 87' lang='lat' dir='ltr'><strong>Unguento</strong></span> <span class='ocrx_word' id='word_1_377' title='bbox 890 3621 974 3685; x_wconf 90' lang='lat' dir='ltr'><strong>enim</strong></span> <span class='ocrx_word' id='word_1_378' title='bbox 999 3625 1136 3686; x_wconf 88' lang='lat' dir='ltr'><strong>utuntur</strong></span> <span class='ocrx_word' id='word_1_379' title='bbox 1158 3621 1199 3685; x_wconf 92' lang='lat' dir='ltr'><strong>ad</strong></span> <span class='ocrx_word' id='word_1_380' title='bbox 1223 3621 1421 3685; x_wconf 89' lang='lat' dir='ltr'><strong>semitaudos</strong></span> <span class='ocrx_word' id='word_1_381' title='bbox 1446 3620 1549 3685; x_wconf 88' lang='lat' dir='ltr'><strong>crines</strong></span> <span class='ocrx_word' id='word_1_382' title='bbox 1574 3617 1666 3705; x_wconf 80' lang='lat' dir='ltr'><strong>(,‚um</strong></span> <span class='ocrx_word' id='word_1_383' title='bbox 1689 3621 1723 3685; x_wconf 90' lang='lat' dir='ltr'><strong>iu</strong></span> <span class='ocrx_word' id='word_1_384' title='bbox 1747 3621 1820 3685; x_wconf 89' lang='lat' dir='ltr'><strong>dem</strong></span> <span class='ocrx_word' id='word_1_385' title='bbox 1845 3621 1935 3688; x_wconf 88' lang='lat' dir='ltr'><strong>Haar</strong></span> <span class='ocrx_word' id='word_1_386' title='bbox 1953 3625 2024 3690; x_wconf 90' lang='lat' dir='ltr'><strong>eine</strong></span> 
     </span>
     <span class='ocr_line' id='line_1_31' title="bbox 269 3725 2024 3814; baseline 0.001 -20"><span class='ocrx_word' id='word_1_387' title='bbox 269 3730 391 3814; x_wconf 85' lang='lat' dir='ltr'><strong>Bahn,</strong></span> <span class='ocrx_word' id='word_1_388' title='bbox 414 3730 443 3795; x_wconf 91' lang='lat' dir='ltr'><strong>d.</strong></span> <span class='ocrx_word' id='word_1_389' title='bbox 462 3730 482 3793; x_wconf 93' lang='lat' dir='ltr'><strong>i.</strong></span> <span class='ocrx_word' id='word_1_390' title='bbox 502 3729 564 3794; x_wconf 89' lang='lat' dir='ltr'><strong>den</strong></span> <span class='ocrx_word' id='word_1_391' title='bbox 584 3727 738 3812; x_wconf 87' lang='lat' dir='ltr'><strong>Scheitel‚</strong></span> <span class='ocrx_word' id='word_1_392' title='bbox 757 3726 1021 3814; x_wconf 87' lang='lat' dir='ltr'><strong>herzustelleu“).</strong></span> <span class='ocrx_word' id='word_1_393' title='bbox 1067 3725 1127 3794; x_wconf 81' lang='lat' dir='ltr'><strong>(lui</strong></span> <span class='ocrx_word' id='word_1_394' title='bbox 1146 3728 1355 3813; x_wconf 83' lang='lat' dir='ltr'><strong>explicationi</strong></span> <span class='ocrx_word' id='word_1_395' title='bbox 1373 3750 1439 3792; x_wconf 90' lang='lat' dir='ltr'><strong>non</strong></span> <span class='ocrx_word' id='word_1_396' title='bbox 1458 3728 1604 3812; x_wconf 88' lang='lat' dir='ltr'><strong>obstare,</strong></span> <span class='ocrx_word' id='word_1_397' title='bbox 1623 3728 1709 3812; x_wconf 89' lang='lat' dir='ltr'><strong>quod</strong></span> <span class='ocrx_word' id='word_1_398' title='bbox 1729 3727 1856 3812; x_wconf 90' lang='lat' dir='ltr'><strong>poetica</strong></span> <span class='ocrx_word' id='word_1_399' title='bbox 1875 3730 2024 3797; x_wconf 89' lang='lat' dir='ltr'><strong>auctione</strong></span> 
     </span>
     <span class='ocr_line' id='line_1_32' title="bbox 269 3833 1598 3921; baseline -0.004 -19"><span class='ocrx_word' id='word_1_400' title='bbox 269 3859 379 3902; x_wconf 86' lang='lat' dir='ltr'><strong>rarum</strong></span> <span class='ocrx_word' id='word_1_401' title='bbox 403 3836 557 3921; x_wconf 86' lang='lat' dir='ltr'><strong>capillum</strong></span> <span class='ocrx_word' id='word_1_402' title='bbox 579 3835 741 3901; x_wconf 86' lang='lat' dir='ltr'><strong>Martialis</strong></span> <span class='ocrx_word' id='word_1_403' title='bbox 764 3837 883 3900; x_wconf 80' lang='lat' dir='ltr'><strong>culeum</strong></span> <span class='ocrx_word' id='word_1_404' title='bbox 907 3835 1029 3917; x_wconf 75' lang='lat' dir='ltr'><strong>trifilem</strong></span> <span class='ocrx_word' id='word_1_405' title='bbox 1053 3834 1145 3920; x_wconf 89' lang='lat' dir='ltr'><strong>dicit,</strong></span> <span class='ocrx_word' id='word_1_406' title='bbox 1168 3857 1233 3900; x_wconf 90' lang='lat' dir='ltr'><strong>uon</strong></span> <span class='ocrx_word' id='word_1_407' title='bbox 1256 3841 1307 3900; x_wconf 90' lang='lat' dir='ltr'><strong>est</strong></span> <span class='ocrx_word' id='word_1_408' title='bbox 1330 3833 1414 3920; x_wconf 90' lang='lat' dir='ltr'><strong>quod</strong></span> <span class='ocrx_word' id='word_1_409' title='bbox 1440 3855 1598 3898; x_wconf 90' lang='lat' dir='ltr'><strong>moneam.</strong></span> 
     </span>
    </p>
   </div>
   <div class='ocr_carea' id='block_1_7' title="bbox 269 3947 2023 4251">
    <p class='ocr_par' dir='ltr' id='par_1_9' title="bbox 269 3947 2023 4251">
     <span class='ocr_line' id='line_1_33' title="bbox 432 3947 2023 4034; baseline 0 -16"><span class='ocrx_word' id='word_1_410' title='bbox 432 3951 684 4028; x_wconf 74' lang='lat' dir='ltr'><strong>7.v111‚a‚1s÷</strong></span> <span class='ocrx_word' id='word_1_411' title='bbox 721 3954 767 4018; x_wconf 81' lang='lat' dir='ltr'><strong>At</strong></span> <span class='ocrx_word' id='word_1_412' title='bbox 789 3951 1023 4016; x_wconf 80' lang='lat' dir='ltr'><strong>tuRomuuos</strong></span> <span class='ocrx_word' id='word_1_413' title='bbox 1054 3951 1172 4034; x_wconf 82' lang='lat' dir='ltr'><strong>lepide</strong></span> <span class='ocrx_word' id='word_1_414' title='bbox 1194 3950 1258 4015; x_wconf 85' lang='lat' dir='ltr'><strong>sale</strong></span> <span class='ocrx_word' id='word_1_415' title='bbox 1288 3951 1368 4032; x_wconf 76' lang='lat' dir='ltr'><strong>tinge</strong></span> <span class='ocrx_word' id='word_1_416' title='bbox 1397 3949 1520 4015; x_wconf 75' lang='lat' dir='ltr'><strong>libellos,</strong></span> <span class='ocrx_word' id='word_1_417' title='bbox 1567 3947 1620 4015; x_wconf 88' lang='lat' dir='ltr'><strong>Sic</strong></span> <span class='ocrx_word' id='word_1_418' title='bbox 1642 3949 1671 4016; x_wconf 85' lang='lat' dir='ltr'><strong>G</strong></span> <span class='ocrx_word' id='word_1_419' title='bbox 1695 3955 1727 4016; x_wconf 88' lang='lat' dir='ltr'><strong>et</strong></span> <span class='ocrx_word' id='word_1_420' title='bbox 1751 3949 2023 4018; x_wconf 83' lang='lat' dir='ltr'><strong>Schneidewiuus.</strong></span> 
     </span>
     <span class='ocr_line' id='line_1_34' title="bbox 269 4053 2023 4144; baseline -0.001 -18"><span class='ocrx_word' id='word_1_421' title='bbox 269 4062 426 4126; x_wconf 61' lang='lat' dir='ltr'><strong>Maccus</strong></span> <span class='ocrx_word' id='word_1_422' title='bbox 450 4061 562 4144; x_wconf 63' lang='lat' dir='ltr'><strong>laicos</strong></span> <span class='ocrx_word' id='word_1_423' title='bbox 581 4058 615 4123; x_wconf 87' lang='grc' dir='ltr'><strong>Τ.</strong></span> <span class='ocrx_word' id='word_1_424' title='bbox 662 4057 803 4124; x_wconf 75' lang='grc' dir='ltr'><em>Βοηιαηο</em></span> <span class='ocrx_word' id='word_1_425' title='bbox 822 4060 919 4142; x_wconf 78' lang='lat' dir='ltr'><strong>lepido</strong></span> <span class='ocrx_word' id='word_1_426' title='bbox 938 4058 977 4122; x_wconf 82' lang='lat' dir='ltr'><strong>A.</strong></span> <span class='ocrx_word' id='word_1_427' title='bbox 1023 4057 1185 4121; x_wconf 77' lang='lat' dir='ltr'><strong>Romano</strong></span> <span class='ocrx_word' id='word_1_428' title='bbox 1209 4057 1347 4140; x_wconf 82' lang='lat' dir='ltr'><strong>lepidos</strong></span> <span class='ocrx_word' id='word_1_429' title='bbox 1366 4060 1454 4122; x_wconf 89' lang='lat' dir='ltr'><strong>recte</strong></span> <span class='ocrx_word' id='word_1_430' title='bbox 1471 4055 1589 4142; x_wconf 87' lang='lat' dir='ltr'><strong>reliqui</strong></span> <span class='ocrx_word' id='word_1_431' title='bbox 1608 4053 1763 4142; x_wconf 81' lang='lat' dir='ltr'>(PXBG)</span> <span class='ocrx_word' id='word_1_432' title='bbox 1784 4063 1817 4121; x_wconf 90' lang='lat' dir='ltr'><strong>et</strong></span> <span class='ocrx_word' id='word_1_433' title='bbox 1837 4055 2023 4125; x_wconf 85' lang='lat' dir='ltr'><strong>Scriverius.</strong></span> 
     </span>
     <span class='ocr_line' id='line_1_35' title="bbox 270 4161 1913 4251; baseline -0.001 -19"><span class='ocrx_word' id='word_1_434' title='bbox 270 4167 315 4232; x_wconf 81' lang='lat' dir='ltr'><strong>Et</strong></span> <span class='ocrx_word' id='word_1_435' title='bbox 339 4167 458 4232; x_wconf 89' lang='lat' dir='ltr'><strong>dicitur</strong></span> <span class='ocrx_word' id='word_1_436' title='bbox 482 4166 610 4250; x_wconf 88' lang='lat' dir='ltr'><strong>melius,</strong></span> <span class='ocrx_word' id='word_1_437' title='bbox 634 4188 731 4251; x_wconf 88' lang='lat' dir='ltr'><strong>quam</strong></span> <span class='ocrx_word' id='word_1_438' title='bbox 756 4167 873 4248; x_wconf 65' lang='lat' dir='ltr'><strong>lepilm</strong></span> <span class='ocrx_word' id='word_1_439' title='bbox 895 4166 956 4248; x_wconf 85' lang='lat' dir='ltr'><strong>sel,</strong></span> <span class='ocrx_word' id='word_1_440' title='bbox 980 4169 1013 4228; x_wconf 87' lang='lat' dir='ltr'><strong>et</strong></span> <span class='ocrx_word' id='word_1_441' title='bbox 1036 4163 1197 4228; x_wconf 62' lang='lat' dir='ltr'><strong>Meuanas</strong></span> <span class='ocrx_word' id='word_1_442' title='bbox 1219 4164 1268 4228; x_wconf 84' lang='lat' dir='ltr'><strong>sel</strong></span> <span class='ocrx_word' id='word_1_443' title='bbox 1291 4161 1344 4248; x_wconf 85' lang='lat' dir='ltr'><strong>(ef.</strong></span> <span class='ocrx_word' id='word_1_444' title='bbox 1362 4164 1411 4228; x_wconf 84' lang='lat' dir='ltr'><strong>sul</strong></span> <span class='ocrx_word' id='word_1_445' title='bbox 1434 4162 1566 4248; x_wconf 81' lang='lat' dir='ltr'><strong>Atticus)</strong></span> <span class='ocrx_word' id='word_1_446' title='bbox 1591 4167 1624 4228; x_wconf 89' lang='lat' dir='ltr'><strong>et</strong></span> <span class='ocrx_word' id='word_1_447' title='bbox 1647 4163 1763 4246; x_wconf 81' lang='lat' dir='ltr'><strong>lepidus</strong></span> <span class='ocrx_word' id='word_1_448' title='bbox 1786 4165 1913 4231; x_wconf 83' lang='lat' dir='ltr'><strong>libellus.</strong></span> 
     </span>
    </p>
   </div>
   <div class='ocr_carea' id='block_1_8' title="bbox 269 4277 2023 5232">
    <p class='ocr_par' dir='ltr' id='par_1_10' title="bbox 269 4277 2023 4688">
     <span class='ocr_line' id='line_1_36' title="bbox 430 4277 2023 4370; baseline 0 -22"><span class='ocrx_word' id='word_1_449' title='bbox 430 4285 460 4348; x_wconf 89' lang='lat'><strong>8.</strong></span> <span class='ocrx_word' id='word_1_450' title='bbox 483 4282 685 4362; x_wconf 81' lang='lat' dir='ltr'><strong>V1‚88‚bs.:</strong></span> <span class='ocrx_word' id='word_1_451' title='bbox 719 4281 777 4346; x_wconf 82' lang='lat' dir='ltr'><strong>Sil</strong></span> <span class='ocrx_word' id='word_1_452' title='bbox 799 4287 866 4366; x_wconf 84' lang='lat' dir='ltr'><strong>tua,</strong></span> <span class='ocrx_word' id='word_1_453' title='bbox 888 4284 930 4346; x_wconf 84' lang='lat' dir='ltr'><strong>sit</strong></span> <span class='ocrx_word' id='word_1_454' title='bbox 951 4301 1083 4364; x_wconf 75' lang='lat' dir='ltr'><strong>sumum,</strong></span> <span class='ocrx_word' id='word_1_455' title='bbox 1107 4279 1237 4364; x_wconf 83' lang='lat' dir='ltr'><strong>Cacsar,</strong></span> <span class='ocrx_word' id='word_1_456' title='bbox 1260 4285 1375 4344; x_wconf 76' lang='lat' dir='ltr'><strong>natiue</strong></span> <span class='ocrx_word' id='word_1_457' title='bbox 1402 4281 1431 4344; x_wconf 87' lang='grc' dir='ltr'><em>Τ</em></span> <span class='ocrx_word' id='word_1_458' title='bbox 1428 4281 1552 4370; x_wconf 74' lang='lat' dir='ltr'><strong>crrenti:</strong></span> <span class='ocrx_word' id='word_1_459' title='bbox 1589 4277 1695 4345; x_wconf 85' lang='lat' dir='ltr'><strong>Utetur</strong></span> <span class='ocrx_word' id='word_1_460' title='bbox 1717 4283 1776 4344; x_wconf 87' lang='lat' dir='ltr'><strong>tole</strong></span> <span class='ocrx_word' id='word_1_461' title='bbox 1791 4280 1925 4360; x_wconf 81' lang='lat' dir='ltr'><strong>fulmine</strong></span> <span class='ocrx_word' id='word_1_462' title='bbox 1946 4305 2023 4348; x_wconf 85' lang='lat' dir='ltr'><strong>rura</strong></span> 
     </span>
     <span class='ocr_line' id='line_1_37' title="bbox 269 4385 2022 4486; baseline -0.001 -30"><span class='ocrx_word' id='word_1_463' title='bbox 269 4411 389 4456; x_wconf 73' lang='lat' dir='ltr'><strong>umnec.</strong></span> <span class='ocrx_word' id='word_1_464' title='bbox 436 4389 489 4456; x_wconf 90' lang='lat' dir='ltr'><strong>Sic</strong></span> <span class='ocrx_word' id='word_1_465' title='bbox 512 4389 787 4474; x_wconf 87' lang='lat' dir='ltr'><strong>Schneidewiuus,</strong></span> <span class='ocrx_word' id='word_1_466' title='bbox 810 4388 917 4454; x_wconf 90' lang='lat' dir='ltr'><strong>solum</strong></span> <span class='ocrx_word' id='word_1_467' title='bbox 941 4389 969 4451; x_wconf 82' lang='lat' dir='ltr'><strong>A</strong></span> <span class='ocrx_word' id='word_1_468' title='bbox 993 4391 1131 4452; x_wconf 80' lang='lat' dir='ltr'><strong>secutur.</strong></span> <span class='ocrx_word' id='word_1_469' title='bbox 1187 4385 1251 4452; x_wconf 86' lang='lat' dir='ltr'><strong>Sed</strong></span> <span class='ocrx_word' id='word_1_470' title='bbox 1273 4387 1354 4452; x_wconf 91' lang='lat' dir='ltr'><strong>beue</strong></span> <span class='ocrx_word' id='word_1_471' title='bbox 1378 4408 1412 4451; x_wconf 91' lang='lat' dir='ltr'><strong>se</strong></span> <span class='ocrx_word' id='word_1_472' title='bbox 1435 4385 1549 4470; x_wconf 87' lang='lat' dir='ltr'><strong>babet,</strong></span> <span class='ocrx_word' id='word_1_473' title='bbox 1572 4387 1658 4472; x_wconf 92' lang='lat' dir='ltr'><strong>quod</strong></span> <span class='ocrx_word' id='word_1_474' title='bbox 1680 4386 1713 4451; x_wconf 91' lang='lat' dir='ltr'><strong>iu</strong></span> <span class='ocrx_word' id='word_1_475' title='bbox 1737 4389 1853 4454; x_wconf 87' lang='lat' dir='ltr'><strong>ceteris</strong></span> <span class='ocrx_word' id='word_1_476' title='bbox 1873 4390 2022 4486; x_wconf 68' lang='lat' dir='ltr'><strong>omuibus</strong></span> 
     </span>
     <span class='ocr_line' id='line_1_38' title="bbox 270 4492 2022 4585; baseline 0 -23"><span class='ocrx_word' id='word_1_477' title='bbox 270 4495 384 4585; x_wconf 88' lang='lat' dir='ltr'><strong>(etiam</strong></span> <span class='ocrx_word' id='word_1_478' title='bbox 407 4497 550 4562; x_wconf 84' lang='lat' dir='ltr'><strong>familiae</strong></span> <span class='ocrx_word' id='word_1_479' title='bbox 574 4493 633 4582; x_wconf 70' lang='lat'><strong>0⁸)</strong></span> <span class='ocrx_word' id='word_1_480' title='bbox 658 4495 750 4560; x_wconf 87' lang='lat' dir='ltr'><strong>libris</strong></span> <span class='ocrx_word' id='word_1_481' title='bbox 772 4497 895 4582; x_wconf 86' lang='lat' dir='ltr'><strong>legitur</strong></span> <span class='ocrx_word' id='word_1_482' title='bbox 917 4499 1146 4580; x_wconf 88' lang='lat' dir='ltr'><strong>receptumque</strong></span> <span class='ocrx_word' id='word_1_483' title='bbox 1170 4498 1221 4558; x_wconf 87' lang='lat' dir='ltr'><strong>est</strong></span> <span class='ocrx_word' id='word_1_484' title='bbox 1243 4516 1263 4558; x_wconf 90' lang='lat' dir='ltr'><strong>a</strong></span> <span class='ocrx_word' id='word_1_485' title='bbox 1287 4492 1460 4559; x_wconf 78' lang='lat' dir='ltr'><strong>Seriverioz</strong></span> <span class='ocrx_word' id='word_1_486' title='bbox 1495 4493 1537 4558; x_wconf 87' lang='lat' dir='ltr'><strong>Si</strong></span> <span class='ocrx_word' id='word_1_487' title='bbox 1563 4499 1617 4557; x_wconf 84' lang='lat' dir='ltr'><strong>tua</strong></span> <span class='ocrx_word' id='word_1_488' title='bbox 1639 4495 1688 4558; x_wconf 82' lang='lat' dir='ltr'><strong>sit.</strong></span> <span class='ocrx_word' id='word_1_489' title='bbox 1734 4493 1848 4579; x_wconf 88' lang='lat' dir='ltr'><strong>Neque</strong></span> <span class='ocrx_word' id='word_1_490' title='bbox 1879 4497 2022 4562; x_wconf 85' lang='lat' dir='ltr'><strong>enimin</strong></span> 
     </span>
     <span class='ocr_line' id='line_1_39' title="bbox 272 4599 1700 4688; baseline -0.004 -18"><span class='ocrx_word' id='word_1_491' title='bbox 272 4628 309 4670; x_wconf 91' lang='lat' dir='ltr'><strong>eo</strong></span> <span class='ocrx_word' id='word_1_492' title='bbox 333 4608 384 4669; x_wconf 87' lang='lat' dir='ltr'><strong>est</strong></span> <span class='ocrx_word' id='word_1_493' title='bbox 407 4602 648 4687; x_wconf 85' lang='lat' dir='ltr'><strong>offendendum,</strong></span> <span class='ocrx_word' id='word_1_494' title='bbox 671 4603 758 4688; x_wconf 91' lang='lat' dir='ltr'><strong>quud</strong></span> <span class='ocrx_word' id='word_1_495' title='bbox 780 4603 1021 4668; x_wconf 87' lang='lat' dir='ltr'><strong>coniunctivum</strong></span> <span class='ocrx_word' id='word_1_496' title='bbox 1045 4603 1085 4667; x_wconf 83' lang='lat' dir='ltr'><strong>sit</strong></span> <span class='ocrx_word' id='word_1_497' title='bbox 1109 4601 1229 4666; x_wconf 89' lang='lat' dir='ltr'><strong>urbane</strong></span> <span class='ocrx_word' id='word_1_498' title='bbox 1252 4599 1397 4666; x_wconf 83' lang='lat' dir='ltr'><strong>futurum</strong></span> <span class='ocrx_word' id='word_1_499' title='bbox 1421 4607 1520 4665; x_wconf 70' lang='lat' dir='ltr'><strong>iretur</strong></span> <span class='ocrx_word' id='word_1_500' title='bbox 1543 4601 1700 4685; x_wconf 89' lang='lat' dir='ltr'><strong>sequitur.</strong></span> 
     </span>
    </p>

    <p class='ocr_par' dir='ltr' id='par_1_11' title="bbox 270 4714 2023 5232">
     <span class='ocr_line' id='line_1_40' title="bbox 430 4714 2021 4802; baseline 0.001 -19"><span class='ocrx_word' id='word_1_501' title='bbox 430 4719 459 4783; x_wconf 88' lang='lat'><strong>9.</strong></span> <span class='ocrx_word' id='word_1_502' title='bbox 483 4720 544 4802; x_wconf 72' lang='lat' dir='ltr'><strong>XI,</strong></span> <span class='ocrx_word' id='word_1_503' title='bbox 560 4719 608 4794; x_wconf 80' lang='grc'><strong>35,</strong></span> <span class='ocrx_word' id='word_1_504' title='bbox 624 4719 658 4780; x_wconf 77' lang='lat'><strong>2:</strong></span> <span class='ocrx_word' id='word_1_505' title='bbox 696 4740 791 4800; x_wconf 79' lang='lat' dir='ltr'><strong>quare</strong></span> <span class='ocrx_word' id='word_1_506' title='bbox 812 4739 874 4784; x_wconf 80' lang='lat' dir='ltr'><strong>uon</strong></span> <span class='ocrx_word' id='word_1_507' title='bbox 897 4719 1019 4782; x_wconf 80' lang='lat' dir='ltr'><strong>ceulam</strong></span> <span class='ocrx_word' id='word_1_508' title='bbox 1041 4722 1163 4784; x_wconf 81' lang='lat' dir='ltr'><strong>uocatus</strong></span> <span class='ocrx_word' id='word_1_509' title='bbox 1185 4719 1232 4782; x_wconf 85' lang='lat' dir='ltr'><strong>ud</strong></span> <span class='ocrx_word' id='word_1_510' title='bbox 1253 4722 1292 4780; x_wconf 85' lang='lat' dir='ltr'><strong>te.</strong></span> <span class='ocrx_word' id='word_1_511' title='bbox 1338 4715 1391 4782; x_wconf 91' lang='lat' dir='ltr'><strong>Sic</strong></span> <span class='ocrx_word' id='word_1_512' title='bbox 1414 4714 1677 4782; x_wconf 86' lang='lat' dir='ltr'><strong>Schneidewiuus</strong></span> <span class='ocrx_word' id='word_1_513' title='bbox 1701 4738 1739 4781; x_wconf 82' lang='lat' dir='ltr'><strong>ex</strong></span> <span class='ocrx_word' id='word_1_514' title='bbox 1764 4717 1928 4784; x_wconf 91' lang='lat' dir='ltr'><strong>codicibus</strong></span> <span class='ocrx_word' id='word_1_515' title='bbox 1947 4719 2021 4786; x_wconf 82' lang='grc' dir='ltr'><strong>ΧΑ.</strong></span> 
     </span>
     <span class='ocr_line' id='line_1_41' title="bbox 271 4823 2023 4912; baseline -0.001 -21"><span class='ocrx_word' id='word_1_516' title='bbox 271 4825 333 4892; x_wconf 88' lang='lat' dir='ltr'><strong>Sed</strong></span> <span class='ocrx_word' id='word_1_517' title='bbox 356 4848 461 4912; x_wconf 87' lang='lat' dir='ltr'><strong>neque</strong></span> <span class='ocrx_word' id='word_1_518' title='bbox 484 4828 527 4890; x_wconf 81' lang='lat' dir='ltr'><strong>ad</strong></span> <span class='ocrx_word' id='word_1_519' title='bbox 549 4832 576 4891; x_wconf 89' lang='lat' dir='ltr'><strong>te</strong></span> <span class='ocrx_word' id='word_1_520' title='bbox 598 4849 671 4891; x_wconf 89' lang='lat' dir='ltr'><strong>eum</strong></span> <span class='ocrx_word' id='word_1_521' title='bbox 693 4827 816 4890; x_wconf 81' lang='lat' dir='ltr'><strong>venium</strong></span> <span class='ocrx_word' id='word_1_522' title='bbox 839 4825 937 4890; x_wconf 87' lang='lat' dir='ltr'><strong>verbo</strong></span> <span class='ocrx_word' id='word_1_523' title='bbox 961 4823 1156 4908; x_wconf 90' lang='lat' dir='ltr'><strong>coniungere</strong></span> <span class='ocrx_word' id='word_1_524' title='bbox 1176 4823 1284 4909; x_wconf 88' lang='lat' dir='ltr'><strong>placet</strong></span> <span class='ocrx_word' id='word_1_525' title='bbox 1301 4846 1406 4909; x_wconf 89' lang='lat' dir='ltr'><strong>neque</strong></span> <span class='ocrx_word' id='word_1_526' title='bbox 1425 4825 1504 4888; x_wconf 92' lang='lat' dir='ltr'><strong>dicit</strong></span> <span class='ocrx_word' id='word_1_527' title='bbox 1522 4823 1684 4889; x_wconf 87' lang='lat' dir='ltr'><strong>Martialis</strong></span> <span class='ocrx_word' id='word_1_528' title='bbox 1706 4825 1750 4888; x_wconf 84' lang='lat' dir='ltr'><strong>ud</strong></span> <span class='ocrx_word' id='word_1_529' title='bbox 1768 4825 1901 4906; x_wconf 81' lang='lat' dir='ltr'><strong>aliquem</strong></span> <span class='ocrx_word' id='word_1_530' title='bbox 1919 4830 2023 4890; x_wconf 81' lang='lat' dir='ltr'><strong>cuceri</strong></span> 
     </span>
     <span class='ocr_line' id='line_1_42' title="bbox 271 4929 2020 5020; baseline 0.001 -23"><span class='ocrx_word' id='word_1_531' title='bbox 271 4929 323 5020; x_wconf 91' lang='lat' dir='ltr'><strong>(ut</strong></span> <span class='ocrx_word' id='word_1_532' title='bbox 346 4932 535 5017; x_wconf 87' lang='lat' dir='ltr'><strong>saepissime</strong></span> <span class='ocrx_word' id='word_1_533' title='bbox 559 4935 602 4996; x_wconf 82' lang='lat' dir='ltr'><strong>ud</strong></span> <span class='ocrx_word' id='word_1_534' title='bbox 623 4953 746 4996; x_wconf 75' lang='lat' dir='ltr'><strong>euersum</strong></span> <span class='ocrx_word' id='word_1_535' title='bbox 769 4931 895 5018; x_wconf 72' lang='lat' dir='ltr'><strong>vowel).</strong></span> <span class='ocrx_word' id='word_1_536' title='bbox 942 4931 1039 4996; x_wconf 88' lang='lat' dir='ltr'><strong>Recte</strong></span> <span class='ocrx_word' id='word_1_537' title='bbox 1064 4929 1240 4996; x_wconf 88' lang='lat' dir='ltr'><strong>Scriverius</strong></span> <span class='ocrx_word' id='word_1_538' title='bbox 1264 4953 1336 4995; x_wconf 89' lang='lat' dir='ltr'><strong>cum</strong></span> <span class='ocrx_word' id='word_1_539' title='bbox 1360 4931 1475 4996; x_wconf 89' lang='lat' dir='ltr'><strong>ceteris</strong></span> <span class='ocrx_word' id='word_1_540' title='bbox 1495 4931 1645 4995; x_wconf 89' lang='lat' dir='ltr'><strong>omuibus</strong></span> <span class='ocrx_word' id='word_1_541' title='bbox 1665 4929 1778 5016; x_wconf 89' lang='lat' dir='ltr'><strong>(etiam</strong></span> <span class='ocrx_word' id='word_1_542' title='bbox 1797 4931 1941 4998; x_wconf 85' lang='lat' dir='ltr'><strong>familiae</strong></span> <span class='ocrx_word' id='word_1_543' title='bbox 1962 4931 2020 5020; x_wconf 76' lang='lat'><strong>0⁸)</strong></span> 
     </span>
     <span class='ocr_line' id='line_1_43' title="bbox 270 5037 2019 5125; baseline 0 -21"><span class='ocrx_word' id='word_1_544' title='bbox 270 5040 362 5104; x_wconf 88' lang='lat' dir='ltr'><strong>libris</strong></span> <span class='ocrx_word' id='word_1_545' title='bbox 386 5040 530 5125; x_wconf 89' lang='lat' dir='ltr'><strong>scripsit:</strong></span> <span class='ocrx_word' id='word_1_546' title='bbox 560 5061 580 5102; x_wconf 89' lang='lat' dir='ltr'><strong>u</strong></span> <span class='ocrx_word' id='word_1_547' title='bbox 604 5045 644 5104; x_wconf 86' lang='lat' dir='ltr'><strong>te.</strong></span> <span class='ocrx_word' id='word_1_548' title='bbox 691 5037 738 5103; x_wconf 84' lang='lat' dir='ltr'><strong>cf.</strong></span> <span class='ocrx_word' id='word_1_549' title='bbox 756 5037 889 5125; x_wconf 79' lang='lat' dir='ltr'><strong>X1‚65‚</strong></span> <span class='ocrx_word' id='word_1_550' title='bbox 906 5039 936 5103; x_wconf 93' lang='lat' dir='ltr'><strong>l:</strong></span> <span class='ocrx_word' id='word_1_551' title='bbox 969 5037 1101 5102; x_wconf 84' lang='lat' dir='ltr'><strong>Sescenti</strong></span> <span class='ocrx_word' id='word_1_552' title='bbox 1123 5043 1232 5102; x_wconf 80' lang='lat' dir='ltr'><strong>renunt</strong></span> <span class='ocrx_word' id='word_1_553' title='bbox 1254 5061 1273 5102; x_wconf 85' lang='lat' dir='ltr'><strong>u</strong></span> <span class='ocrx_word' id='word_1_554' title='bbox 1298 5043 1340 5122; x_wconf 84' lang='lat' dir='ltr'><strong>le,</strong></span> <span class='ocrx_word' id='word_1_555' title='bbox 1369 5037 1501 5122; x_wconf 77' lang='lat' dir='ltr'><strong>Iustino,</strong></span> <span class='ocrx_word' id='word_1_556' title='bbox 1531 5040 1641 5122; x_wconf 75' lang='lat' dir='ltr'><strong>vocate,</strong></span> <span class='ocrx_word' id='word_1_557' title='bbox 1665 5037 1719 5102; x_wconf 76' lang='lat' dir='ltr'><strong>rubi</strong></span> <span class='ocrx_word' id='word_1_558' title='bbox 1743 5038 1825 5103; x_wconf 89' lang='lat' dir='ltr'><strong>bene</strong></span> <span class='ocrx_word' id='word_1_559' title='bbox 1849 5037 2019 5105; x_wconf 89' lang='lat' dir='ltr'><strong>Schneide-</strong></span> 
     </span>
     <span class='ocr_line' id='line_1_44' title="bbox 270 5144 1089 5232; baseline 0.002 -23"><span class='ocrx_word' id='word_1_560' title='bbox 270 5149 373 5212; x_wconf 84' lang='lat' dir='ltr'><strong>winus</strong></span> <span class='ocrx_word' id='word_1_561' title='bbox 397 5147 543 5212; x_wconf 79' lang='lat' dir='ltr'><strong>Thusuei</strong></span> <span class='ocrx_word' id='word_1_562' title='bbox 567 5144 623 5232; x_wconf 71' lang='lat' dir='ltr'><strong>(T)</strong></span> <span class='ocrx_word' id='word_1_563' title='bbox 647 5146 819 5212; x_wconf 87' lang='lat' dir='ltr'><strong>lectionem</strong></span> <span class='ocrx_word' id='word_1_564' title='bbox 842 5147 885 5210; x_wconf 75' lang='lat' dir='ltr'><strong>ecl</strong></span> <span class='ocrx_word' id='word_1_565' title='bbox 906 5151 933 5210; x_wconf 87' lang='lat' dir='ltr'><strong>le</strong></span> <span class='ocrx_word' id='word_1_566' title='bbox 956 5147 1089 5230; x_wconf 88' lang='lat' dir='ltr'><strong>sprevit.</strong></span> 
     </span>
    </p>
   </div>
   <div class='ocr_carea' id='block_1_9' title="bbox 0 0 2390 5925">
    <p class='ocr_par' dir='ltr' id='par_1_12' title="bbox 0 0 2390 5925">
     <span class='ocr_line' id='line_1_45' title="bbox 0 0 2390 5925; baseline 0 0"><span class='ocrx_word' id='word_1_567' title='bbox 0 0 2390 5925; x_wconf 95' lang='lat' dir='ltr'><strong> </strong></span> 
     </span>
    </p>
   </div>
  </div>
 </body>
</html>
