<?xml version="1.0" encoding="UTF-8"?>
<!DOCTYPE html PUBLIC "-//W3C//DTD XHTML 1.0 Transitional//EN"
    "http://www.w3.org/TR/xhtml1/DTD/xhtml1-transitional.dtd">
<html xmlns="http://www.w3.org/1999/xhtml" xml:lang="en" lang="en">
 <head>
  <title>
</title>
<meta http-equiv="Content-Type" content="text/html;charset=utf-8" />
  <meta name='ocr-system' content='tesseract 3.04.00' />
  <meta name='ocr-capabilities' content='ocr_page ocr_carea ocr_par ocr_line ocrx_word'/>
</head>
<body>
  <div class='ocr_page' id='page_1' title='image "admartialemquae01gilbgoog_0018.png"; bbox 0 0 4770 5932; ppageno 0'>
   <div class='ocr_carea' id='block_1_1' title="bbox 1017 405 1228 516">
    <p class='ocr_par' dir='ltr' id='par_1_1' title="bbox 1017 405 1228 516">
     <span class='ocr_line' id='line_1_1' title="bbox 1017 405 1228 516; baseline -0.009 0"><span class='ocrx_word' id='word_1_1' title='bbox 1017 405 1228 516; x_wconf 54' lang='lat' dir='ltr'><em>„L</em></span> 
     </span>
    </p>
   </div>
   <div class='ocr_carea' id='block_1_2' title="bbox 241 609 2005 807">
    <p class='ocr_par' dir='ltr' id='par_1_2' title="bbox 241 609 2005 807">
     <span class='ocr_line' id='line_1_2' title="bbox 241 609 2005 700; baseline 0.001 -20"><span class='ocrx_word' id='word_1_2' title='bbox 241 613 419 699; x_wconf 85' lang='lat' dir='ltr'><em>Martialis,</em></span> <span class='ocrx_word' id='word_1_3' title='bbox 437 634 467 678; x_wconf 93' lang='lat' dir='ltr'><em>se</em></span> <span class='ocrx_word' id='word_1_4' title='bbox 489 615 625 700; x_wconf 74' lang='lat' dir='ltr'><em>periclem,</em></span> <span class='ocrx_word' id='word_1_5' title='bbox 652 617 681 678; x_wconf 85' lang='lat' dir='ltr'><em>si</em></span> <span class='ocrx_word' id='word_1_6' title='bbox 696 616 804 698; x_wconf 79' lang='lat' dir='ltr'><em>peutla</em></span> <span class='ocrx_word' id='word_1_7' title='bbox 831 635 890 680; x_wconf 88' lang='lat' dir='ltr'><em>sua</em></span> <span class='ocrx_word' id='word_1_8' title='bbox 912 620 983 678; x_wconf 89' lang='lat' dir='ltr'><em>uota</em></span> <span class='ocrx_word' id='word_1_9' title='bbox 1002 635 1065 698; x_wconf 86' lang='lat' dir='ltr'><em>pro</em></span> <span class='ocrx_word' id='word_1_10' title='bbox 1087 615 1188 679; x_wconf 86' lang='lat' dir='ltr'><em>reditu</em></span> <span class='ocrx_word' id='word_1_11' title='bbox 1208 613 1381 698; x_wconf 81' lang='lat' dir='ltr'><em>profecturi</em></span> <span class='ocrx_word' id='word_1_12' title='bbox 1401 609 1537 698; x_wconf 73' lang='lat' dir='ltr'><em>russel,</em></span> <span class='ocrx_word' id='word_1_13' title='bbox 1559 635 1621 679; x_wconf 87' lang='lat' dir='ltr'><em>uou</em></span> <span class='ocrx_word' id='word_1_14' title='bbox 1639 620 1806 698; x_wconf 74' lang='lat' dir='ltr'><em>postquam</em></span> <span class='ocrx_word' id='word_1_15' title='bbox 1827 617 1862 680; x_wconf 88' lang='lat' dir='ltr'><em>iu</em></span> <span class='ocrx_word' id='word_1_16' title='bbox 1880 620 2005 683; x_wconf 84' lang='lat' dir='ltr'><em>euteruu</em></span> 
     </span>
     <span class='ocr_line' id='line_1_3' title="bbox 242 717 2003 807; baseline 0.002 -21"><span class='ocrx_word' id='word_1_17' title='bbox 242 722 336 786; x_wconf 87' lang='lat' dir='ltr'><em>litora</em></span> <span class='ocrx_word' id='word_1_18' title='bbox 364 719 493 786; x_wconf 82' lang='lat' dir='ltr'><em>emisset</em></span> <span class='ocrx_word' id='word_1_19' title='bbox 522 717 622 807; x_wconf 88' lang='lat' dir='ltr'><em>(quod</em></span> <span class='ocrx_word' id='word_1_20' title='bbox 651 719 729 788; x_wconf 84' lang='lat' dir='ltr'><em>iecit</em></span> <span class='ocrx_word' id='word_1_21' title='bbox 760 719 950 807; x_wconf 90' lang='lat' dir='ltr'><em>Diodorus),</em></span> <span class='ocrx_word' id='word_1_22' title='bbox 971 722 1025 788; x_wconf 82' lang='lat' dir='ltr'><em>sed</em></span> <span class='ocrx_word' id='word_1_23' title='bbox 1045 722 1111 786; x_wconf 91' lang='lat' dir='ltr'><em>iam</em></span> <span class='ocrx_word' id='word_1_24' title='bbox 1134 723 1169 785; x_wconf 86' lang='lat' dir='ltr'><em>iu</em></span> <span class='ocrx_word' id='word_1_25' title='bbox 1191 721 1257 804; x_wconf 84' lang='lat' dir='ltr'><em>ipso</em></span> <span class='ocrx_word' id='word_1_26' title='bbox 1273 721 1401 804; x_wconf 76' lang='lat' dir='ltr'><em>patriae</em></span> <span class='ocrx_word' id='word_1_27' title='bbox 1424 721 1511 786; x_wconf 89' lang='lat' dir='ltr'><em>litore</em></span> <span class='ocrx_word' id='word_1_28' title='bbox 1532 727 1612 786; x_wconf 88' lang='lat' dir='ltr'><em>retro</em></span> <span class='ocrx_word' id='word_1_29' title='bbox 1635 722 1694 786; x_wconf 88' lang='lat' dir='ltr'><em>iter</em></span> <span class='ocrx_word' id='word_1_30' title='bbox 1714 721 1812 802; x_wconf 79' lang='lat' dir='ltr'><em>[uisse</em></span> <span class='ocrx_word' id='word_1_31' title='bbox 1832 744 2003 790; x_wconf 87' lang='lat' dir='ltr'><em>uersurum.</em></span> 
     </span>
    </p>
   </div>
   <div class='ocr_carea' id='block_1_3' title="bbox 136 825 1561 914">
    <p class='ocr_par' dir='ltr' id='par_1_3' title="bbox 136 825 1561 914">
     <span class='ocr_line' id='line_1_4' title="bbox 136 825 1561 914; baseline 0.001 -22"><span class='ocrx_word' id='word_1_32' title='bbox 136 887 143 892; x_wconf 91' lang='lat'>.</span> <span class='ocrx_word' id='word_1_33' title='bbox 242 825 352 894; x_wconf 78' lang='lat' dir='ltr'><em>Facile</em></span> <span class='ocrx_word' id='word_1_34' title='bbox 376 825 481 912; x_wconf 87' lang='lat' dir='ltr'><em>igitur</em></span> <span class='ocrx_word' id='word_1_35' title='bbox 504 831 641 913; x_wconf 83' lang='lat' dir='ltr'><em>apparet</em></span> <span class='ocrx_word' id='word_1_36' title='bbox 671 831 763 914; x_wconf 90' lang='lat' dir='ltr'><em>post</em></span> <span class='ocrx_word' id='word_1_37' title='bbox 792 827 847 893; x_wconf 82' lang='lat' dir='ltr'><em>boc</em></span> <span class='ocrx_word' id='word_1_38' title='bbox 867 828 903 892; x_wconf 91' lang='lat' dir='ltr'><em>iu</em></span> <span class='ocrx_word' id='word_1_39' title='bbox 926 827 1014 892; x_wconf 87' lang='lat' dir='ltr'><em>litore</em></span> <span class='ocrx_word' id='word_1_40' title='bbox 1045 848 1191 892; x_wconf 91' lang='lat' dir='ltr'><em>comma</em></span> <span class='ocrx_word' id='word_1_41' title='bbox 1222 849 1306 893; x_wconf 87' lang='lat' dir='ltr'><em>esse</em></span> <span class='ocrx_word' id='word_1_42' title='bbox 1336 825 1561 913; x_wconf 89' lang='lat' dir='ltr'><em>ponendum.</em></span> 
     </span>
    </p>
   </div>
   <div class='ocr_carea' id='block_1_4' title="bbox 404 951 1701 1360">
    <p class='ocr_par' dir='ltr' id='par_1_4' title="bbox 404 951 1701 1360">
     <span class='ocr_line' id='line_1_5' title="bbox 404 951 1588 1038; baseline 0.001 -21"><span class='ocrx_word' id='word_1_43' title='bbox 404 952 456 1017; x_wconf 91' lang='lat'><em>15.</em></span> <span class='ocrx_word' id='word_1_44' title='bbox 478 951 606 1024; x_wconf 69' lang='lat' dir='ltr'><em>meo,</em></span> <span class='ocrx_word' id='word_1_45' title='bbox 621 951 713 1013; x_wconf 87' lang='lat'>1-4:</span> <span class='ocrx_word' id='word_1_46' title='bbox 778 953 874 1018; x_wconf 86' lang='lat' dir='ltr'><em>Miles</em></span> <span class='ocrx_word' id='word_1_47' title='bbox 897 951 1109 1036; x_wconf 77' lang='lat' dir='ltr'><em>Hyperboreas</em></span> <span class='ocrx_word' id='word_1_48' title='bbox 1131 953 1233 1038; x_wconf 86' lang='lat' dir='ltr'><em>modo,</em></span> <span class='ocrx_word' id='word_1_49' title='bbox 1255 951 1451 1037; x_wconf 78' lang='lat' dir='ltr'><em>Marcelline,</em></span> <span class='ocrx_word' id='word_1_50' title='bbox 1475 953 1588 1018; x_wconf 78' lang='lat' dir='ltr'><em>tribues</em></span> 
     </span>
     <span class='ocr_line' id='line_1_6' title="bbox 881 1057 1527 1144; baseline 0.002 -21"><span class='ocrx_word' id='word_1_51' title='bbox 881 1059 928 1124; x_wconf 79' lang='lat' dir='ltr'><em>m</em></span> <span class='ocrx_word' id='word_1_52' title='bbox 951 1057 1050 1124; x_wconf 86' lang='lat' dir='ltr'><em>Getici</em></span> <span class='ocrx_word' id='word_1_53' title='bbox 1073 1059 1188 1124; x_wconf 86' lang='lat' dir='ltr'><em>tuleras</em></span> <span class='ocrx_word' id='word_1_54' title='bbox 1210 1059 1313 1124; x_wconf 76' lang='lat' dir='ltr'><em>sidua</em></span> <span class='ocrx_word' id='word_1_55' title='bbox 1330 1059 1426 1142; x_wconf 65' lang='lat' dir='ltr'><em>pirro</em></span> <span class='ocrx_word' id='word_1_56' title='bbox 1441 1059 1527 1144; x_wconf 90' lang='lat' dir='ltr'><em>poli:</em></span> 
     </span>
     <span class='ocr_line' id='line_1_7' title="bbox 775 1165 1484 1252; baseline -0.001 -20"><span class='ocrx_word' id='word_1_57' title='bbox 775 1167 855 1232; x_wconf 86' lang='lat' dir='ltr'><em>Ecce</em></span> <span class='ocrx_word' id='word_1_58' title='bbox 876 1166 1052 1231; x_wconf 74' lang='lat' dir='ltr'><em>Promethei</em></span> <span class='ocrx_word' id='word_1_59' title='bbox 1074 1185 1166 1252; x_wconf 88' lang='lat' dir='ltr'><em>rupes</em></span> <span class='ocrx_word' id='word_1_60' title='bbox 1188 1171 1216 1230; x_wconf 87' lang='lat' dir='ltr'><em>ct</em></span> <span class='ocrx_word' id='word_1_61' title='bbox 1236 1165 1347 1247; x_wconf 84' lang='lat' dir='ltr'><em>fabula</em></span> <span class='ocrx_word' id='word_1_62' title='bbox 1368 1168 1484 1232; x_wconf 81' lang='lat' dir='ltr'><em>moritis</em></span> 
     </span>
     <span class='ocr_line' id='line_1_8' title="bbox 884 1273 1701 1360; baseline 0.004 -22"><span class='ocrx_word' id='word_1_63' title='bbox 884 1273 985 1356; x_wconf 57' lang='lat' dir='ltr'><em>Graiu</em></span> <span class='ocrx_word' id='word_1_64' title='bbox 1001 1294 1099 1358; x_wconf 87' lang='lat' dir='ltr'><em>prope</em></span> <span class='ocrx_word' id='word_1_65' title='bbox 1120 1278 1194 1338; x_wconf 75' lang='lat' dir='ltr'><em>erut</em></span> <span class='ocrx_word' id='word_1_66' title='bbox 1216 1273 1325 1358; x_wconf 87' lang='lat' dir='ltr'><em>oculis,</em></span> <span class='ocrx_word' id='word_1_67' title='bbox 1348 1293 1431 1338; x_wconf 85' lang='lat' dir='ltr'><em>nuuc</em></span> <span class='ocrx_word' id='word_1_68' title='bbox 1452 1275 1607 1360; x_wconf 61' lang='lat' dir='ltr'><em>adeuudm</em></span> <span class='ocrx_word' id='word_1_69' title='bbox 1630 1275 1701 1341; x_wconf 76' lang='lat' dir='ltr'><em>teris.</em></span> 
     </span>
    </p>
   </div>
   <div class='ocr_carea' id='block_1_5' title="bbox 242 1395 2002 2784">
    <p class='ocr_par' dir='ltr' id='par_1_5' title="bbox 242 1395 2002 2784">
     <span class='ocr_line' id='line_1_9' title="bbox 244 1395 2002 1486; baseline 0.001 -23"><span class='ocrx_word' id='word_1_70' title='bbox 244 1399 323 1464; x_wconf 85' lang='lat' dir='ltr'><em>v.4</em></span> <span class='ocrx_word' id='word_1_71' title='bbox 353 1399 514 1464; x_wconf 79' lang='lat' dir='ltr'><em>rationem</em></span> <span class='ocrx_word' id='word_1_72' title='bbox 546 1397 766 1464; x_wconf 87' lang='lat' dir='ltr'><em>distinctionis</em></span> <span class='ocrx_word' id='word_1_73' title='bbox 795 1396 1113 1464; x_wconf 85' lang='lat' dir='ltr'><em>Schneidewinianee</em></span> <span class='ocrx_word' id='word_1_74' title='bbox 1142 1418 1206 1463; x_wconf 90' lang='lat' dir='ltr'><em>non</em></span> <span class='ocrx_word' id='word_1_75' title='bbox 1238 1397 1407 1482; x_wconf 75' lang='lat' dir='ltr'><em>intellego.</em></span> <span class='ocrx_word' id='word_1_76' title='bbox 1451 1395 1566 1484; x_wconf 82' lang='lat' dir='ltr'><em>Neque</em></span> <span class='ocrx_word' id='word_1_77' title='bbox 1596 1399 1682 1465; x_wconf 91' lang='lat' dir='ltr'><em>enim</em></span> <span class='ocrx_word' id='word_1_78' title='bbox 1712 1403 1823 1485; x_wconf 91' lang='lat' dir='ltr'><em>potest</em></span> <span class='ocrx_word' id='word_1_79' title='bbox 1850 1399 2002 1486; x_wconf 86' lang='lat' dir='ltr'><em>dubitari,</em></span> 
     </span>
     <span class='ocr_line' id='line_1_10' title="bbox 244 1499 2002 1592; baseline 0.001 -21"><span class='ocrx_word' id='word_1_80' title='bbox 244 1507 322 1591; x_wconf 90' lang='lat' dir='ltr'><em>quin</em></span> <span class='ocrx_word' id='word_1_81' title='bbox 351 1525 449 1590; x_wconf 89' lang='lat' dir='ltr'><em>uuuo,</em></span> <span class='ocrx_word' id='word_1_82' title='bbox 477 1526 550 1570; x_wconf 92' lang='lat' dir='ltr'><em>cum</em></span> <span class='ocrx_word' id='word_1_83' title='bbox 581 1505 611 1571; x_wconf 91' lang='lat' dir='ltr'><em>ei</em></span> <span class='ocrx_word' id='word_1_84' title='bbox 640 1507 728 1570; x_wconf 88' lang='lat' dir='ltr'><em>modo</em></span> <span class='ocrx_word' id='word_1_85' title='bbox 748 1503 790 1592; x_wconf 87' lang='lat' dir='ltr'><em>(v.</em></span> <span class='ocrx_word' id='word_1_86' title='bbox 812 1499 846 1592; x_wconf 86' lang='lat'><em>1)</em></span> <span class='ocrx_word' id='word_1_87' title='bbox 875 1499 1061 1591; x_wconf 91' lang='lat' dir='ltr'><em>oppositum</em></span> <span class='ocrx_word' id='word_1_88' title='bbox 1084 1505 1142 1590; x_wconf 84' lang='lat' dir='ltr'><em>sit,</em></span> <span class='ocrx_word' id='word_1_89' title='bbox 1168 1502 1209 1569; x_wconf 90' lang='lat' dir='ltr'><em>ad</em></span> <span class='ocrx_word' id='word_1_90' title='bbox 1233 1508 1341 1569; x_wconf 93' lang='lat' dir='ltr'><em>totum</em></span> <span class='ocrx_word' id='word_1_91' title='bbox 1364 1527 1494 1570; x_wconf 88' lang='lat' dir='ltr'><em>versum</em></span> <span class='ocrx_word' id='word_1_92' title='bbox 1520 1507 1543 1570; x_wconf 89' lang='grc'>4</span> <span class='ocrx_word' id='word_1_93' title='bbox 1565 1506 1737 1590; x_wconf 73' lang='lat' dir='ltr'><em>pertineat.</em></span> <span class='ocrx_word' id='word_1_94' title='bbox 1782 1505 1881 1572; x_wconf 88' lang='lat' dir='ltr'><em>Recte</em></span> <span class='ocrx_word' id='word_1_95' title='bbox 1904 1506 2002 1572; x_wconf 86' lang='lat' dir='ltr'><em>ceteri</em></span> 
     </span>
     <span class='ocr_line' id='line_1_11' title="bbox 244 1609 2001 1698; baseline 0 -20"><span class='ocrx_word' id='word_1_96' title='bbox 244 1613 386 1678; x_wconf 89' lang='lat' dir='ltr'><em>editores</em></span> <span class='ocrx_word' id='word_1_97' title='bbox 408 1612 517 1678; x_wconf 86' lang='lat' dir='ltr'><em>nulle</em></span> <span class='ocrx_word' id='word_1_98' title='bbox 539 1636 567 1678; x_wconf 86' lang='lat' dir='ltr'><em>r.</em></span> <span class='ocrx_word' id='word_1_99' title='bbox 586 1614 608 1677; x_wconf 88' lang='lat'><strong>4</strong></span> <span class='ocrx_word' id='word_1_100' title='bbox 632 1618 819 1678; x_wconf 85' lang='lat' dir='ltr'><em>commata</em></span> <span class='ocrx_word' id='word_1_101' title='bbox 838 1612 1031 1678; x_wconf 88' lang='lat' dir='ltr'><em>exhibent.</em></span> <span class='ocrx_word' id='word_1_102' title='bbox 1077 1609 1163 1676; x_wconf 84' lang='lat' dir='ltr'><em>Nam</em></span> <span class='ocrx_word' id='word_1_103' title='bbox 1181 1609 1385 1690; x_wconf 81' lang='lat' dir='ltr'><em>Marcellino,</em></span> <span class='ocrx_word' id='word_1_104' title='bbox 1410 1612 1465 1698; x_wconf 89' lang='lat' dir='ltr'><em>qui</em></span> <span class='ocrx_word' id='word_1_105' title='bbox 1488 1611 1586 1698; x_wconf 85' lang='lat' dir='ltr'><em>paulo</em></span> <span class='ocrx_word' id='word_1_106' title='bbox 1606 1617 1682 1678; x_wconf 83' lang='lat' dir='ltr'><em>ente</em></span> <span class='ocrx_word' id='word_1_107' title='bbox 1700 1613 1734 1678; x_wconf 91' lang='lat' dir='ltr'><em>in</em></span> <span class='ocrx_word' id='word_1_108' title='bbox 1755 1611 1856 1678; x_wconf 84' lang='lat' dir='ltr'><em>Daeia</em></span> <span class='ocrx_word' id='word_1_109' title='bbox 1881 1613 2001 1678; x_wconf 84' lang='lat' dir='ltr'><em>milita·</em></span> 
     </span>
     <span class='ocr_line' id='line_1_12' title="bbox 245 1717 2000 1807; baseline 0.002 -24"><span class='ocrx_word' id='word_1_110' title='bbox 245 1725 336 1785; x_wconf 87' lang='lat' dir='ltr'><em>verat</em></span> <span class='ocrx_word' id='word_1_111' title='bbox 359 1717 460 1807; x_wconf 87' lang='lat' dir='ltr'><em>(moola</em></span> <span class='ocrx_word' id='word_1_112' title='bbox 483 1719 598 1784; x_wconf 89' lang='lat' dir='ltr'><em>tuleras</em></span> <span class='ocrx_word' id='word_1_113' title='bbox 620 1717 709 1805; x_wconf 79' lang='lat' dir='ltr'><em>eta),</em></span> <span class='ocrx_word' id='word_1_114' title='bbox 730 1741 816 1784; x_wconf 91' lang='lat' dir='ltr'><em>nune</em></span> <span class='ocrx_word' id='word_1_115' title='bbox 844 1722 954 1785; x_wconf 87' lang='lat' dir='ltr'><em>autem</em></span> <span class='ocrx_word' id='word_1_116' title='bbox 982 1719 1016 1783; x_wconf 90' lang='lat' dir='ltr'><em>in</em></span> <span class='ocrx_word' id='word_1_117' title='bbox 1039 1717 1181 1782; x_wconf 93' lang='lat' dir='ltr'><em>Pontum</em></span> <span class='ocrx_word' id='word_1_118' title='bbox 1204 1718 1405 1803; x_wconf 83' lang='lat' dir='ltr'><em>provinciam</em></span> <span class='ocrx_word' id='word_1_119' title='bbox 1428 1720 1592 1805; x_wconf 88' lang='lat' dir='ltr'><em>proiectas</em></span> <span class='ocrx_word' id='word_1_120' title='bbox 1617 1723 1681 1804; x_wconf 87' lang='lat' dir='ltr'><em>est,</em></span> <span class='ocrx_word' id='word_1_121' title='bbox 1704 1719 1767 1786; x_wconf 88' lang='lat' dir='ltr'><em>boe</em></span> <span class='ocrx_word' id='word_1_122' title='bbox 1789 1719 1868 1785; x_wconf 87' lang='lat' dir='ltr'><em>dicit</em></span> <span class='ocrx_word' id='word_1_123' title='bbox 1890 1724 2000 1806; x_wconf 80' lang='lat' dir='ltr'><em>poete:</em></span> 
     </span>
     <span class='ocr_line' id='line_1_13' title="bbox 245 1823 2001 1912; baseline 0 -20"><span class='ocrx_word' id='word_1_124' title='bbox 245 1825 336 1912; x_wconf 79' lang='lat' dir='ltr'><em>„Aue</em></span> <span class='ocrx_word' id='word_1_125' title='bbox 360 1825 498 1892; x_wconf 82' lang='lat' dir='ltr'><em>weleber</em></span> <span class='ocrx_word' id='word_1_126' title='bbox 519 1823 613 1892; x_wconf 78' lang='lat' dir='ltr'><em>Neue</em></span> <span class='ocrx_word' id='word_1_127' title='bbox 636 1826 712 1891; x_wconf 89' lang='lat' dir='ltr'><em>hast</em></span> <span class='ocrx_word' id='word_1_128' title='bbox 736 1827 777 1892; x_wconf 89' lang='lat' dir='ltr'><em>du</em></span> <span class='ocrx_word' id='word_1_129' title='bbox 797 1827 881 1911; x_wconf 83' lang='lat' dir='ltr'><em>jetnt</em></span> <span class='ocrx_word' id='word_1_130' title='bbox 900 1825 962 1891; x_wconf 91' lang='lat' dir='ltr'><em>den</em></span> <span class='ocrx_word' id='word_1_131' title='bbox 980 1823 1098 1890; x_wconf 86' lang='lat' dir='ltr'><em>Felsen</em></span> <span class='ocrx_word' id='word_1_132' title='bbox 1117 1825 1172 1890; x_wconf 87' lang='lat' dir='ltr'><em>des</em></span> <span class='ocrx_word' id='word_1_133' title='bbox 1192 1823 1422 1912; x_wconf 79' lang='lat' dir='ltr'><em>Prometheus,</em></span> <span class='ocrx_word' id='word_1_134' title='bbox 1440 1828 1503 1892; x_wconf 91' lang='lat' dir='ltr'><em>den</em></span> <span class='ocrx_word' id='word_1_135' title='bbox 1520 1825 1708 1912; x_wconf 75' lang='lat' dir='ltr'><em>Kaukasos,</em></span> <span class='ocrx_word' id='word_1_136' title='bbox 1727 1849 1766 1892; x_wconf 86' lang='lat' dir='ltr'><em>nu</em></span> <span class='ocrx_word' id='word_1_137' title='bbox 1784 1823 2001 1892; x_wconf 60' lang='lat' dir='ltr'><em>betramum</em></span> 
     </span>
     <span class='ocr_line' id='line_1_14' title="bbox 242 1929 2000 2020; baseline 0 -22"><span class='ocrx_word' id='word_1_138' title='bbox 242 1935 336 2018; x_wconf 85' lang='lat' dir='ltr'><em>„Ans</em></span> <span class='ocrx_word' id='word_1_139' title='bbox 366 1932 423 1998; x_wconf 88' lang='lat' dir='ltr'><em>der</em></span> <span class='ocrx_word' id='word_1_140' title='bbox 444 1931 563 1998; x_wconf 78' lang='lat' dir='ltr'><em>Nehe“</em></span> <span class='ocrx_word' id='word_1_141' title='bbox 592 1933 756 2020; x_wconf 86' lang='lat' dir='ltr'><em>signifieat</em></span> <span class='ocrx_word' id='word_1_142' title='bbox 778 1954 876 2018; x_wconf 89' lang='lat' dir='ltr'><em>prope</em></span> <span class='ocrx_word' id='word_1_143' title='bbox 897 1933 1051 2019; x_wconf 77' lang='lat' dir='ltr'><em>saepius,</em></span> <span class='ocrx_word' id='word_1_144' title='bbox 1079 1936 1117 1997; x_wconf 90' lang='lat' dir='ltr'><em>nt</em></span> <span class='ocrx_word' id='word_1_145' title='bbox 1146 1929 1248 2017; x_wconf 89' lang='grc' dir='ltr'><strong>Ι,49,</strong></span> <span class='ocrx_word' id='word_1_146' title='bbox 1266 1933 1320 1998; x_wconf 86' lang='lat'><em>13:</em></span> <span class='ocrx_word' id='word_1_147' title='bbox 1356 1935 1494 2018; x_wconf 54' lang='lat' dir='ltr'><em>&amp;endas</em></span> <span class='ocrx_word' id='word_1_148' title='bbox 1516 1953 1621 2018; x_wconf 82' lang='lat' dir='ltr'><em>prope</em></span> <span class='ocrx_word' id='word_1_149' title='bbox 1665 1933 1767 2020; x_wconf 84' lang='lat'><em>1‚49,</em></span> <span class='ocrx_word' id='word_1_150' title='bbox 1782 1933 1838 1999; x_wconf 84' lang='lat'><em>30:</em></span> <span class='ocrx_word' id='word_1_151' title='bbox 1874 1934 2000 2000; x_wconf 87' lang='lat' dir='ltr'><em>couoioa</em></span> 
     </span>
     <span class='ocr_line' id='line_1_15' title="bbox 243 2041 517 2124; baseline -0.007 -18"><span class='ocrx_word' id='word_1_152' title='bbox 243 2041 394 2106; x_wconf 69' lang='lat' dir='ltr'><em>eboratis</em></span> <span class='ocrx_word' id='word_1_153' title='bbox 411 2060 517 2124; x_wconf 88' lang='lat' dir='ltr'><em>prope.</em></span> 
     </span>
     <span class='ocr_line' id='line_1_16' title="bbox 406 2162 1588 2250; baseline -0.002 -20"><span class='ocrx_word' id='word_1_154' title='bbox 406 2165 454 2230; x_wconf 84' lang='lat'><em>16.</em></span> <span class='ocrx_word' id='word_1_155' title='bbox 477 2165 535 2234; x_wconf 77' lang='lat' dir='ltr'><em>IX.</em></span> <span class='ocrx_word' id='word_1_156' title='bbox 550 2162 607 2226; x_wconf 80' lang='lat'><em>46:</em></span> <span class='ocrx_word' id='word_1_157' title='bbox 777 2164 897 2231; x_wconf 87' lang='lat' dir='ltr'><em>Gellius</em></span> <span class='ocrx_word' id='word_1_158' title='bbox 919 2165 1061 2246; x_wconf 70' lang='lat' dir='ltr'><em>aedificat</em></span> <span class='ocrx_word' id='word_1_159' title='bbox 1083 2185 1216 2247; x_wconf 81' lang='lat' dir='ltr'><em>semper:</em></span> <span class='ocrx_word' id='word_1_160' title='bbox 1243 2165 1332 2230; x_wconf 81' lang='lat' dir='ltr'><em>orado</em></span> <span class='ocrx_word' id='word_1_161' title='bbox 1355 2163 1468 2228; x_wconf 90' lang='lat' dir='ltr'><em>limiua</em></span> <span class='ocrx_word' id='word_1_162' title='bbox 1483 2165 1588 2250; x_wconf 86' lang='lat' dir='ltr'><em>ponit,</em></span> 
     </span>
     <span class='ocr_line' id='line_1_17' title="bbox 882 2271 1616 2356; baseline -0.001 -18"><span class='ocrx_word' id='word_1_163' title='bbox 882 2271 976 2338; x_wconf 81' lang='lat' dir='ltr'><em>Nunc</em></span> <span class='ocrx_word' id='word_1_164' title='bbox 996 2271 1116 2352; x_wconf 78' lang='lat' dir='ltr'><em>faribus</em></span> <span class='ocrx_word' id='word_1_165' title='bbox 1137 2272 1236 2338; x_wconf 74' lang='lat' dir='ltr'><em>obices</em></span> <span class='ocrx_word' id='word_1_166' title='bbox 1257 2275 1346 2356; x_wconf 77' lang='lat' dir='ltr'><em>apuu</em></span> <span class='ocrx_word' id='word_1_167' title='bbox 1366 2272 1495 2352; x_wconf 80' lang='lat' dir='ltr'><em>uultque</em></span> <span class='ocrx_word' id='word_1_168' title='bbox 1515 2291 1616 2349; x_wconf 68' lang='lat' dir='ltr'><em>seras·</em></span> 
     </span>
     <span class='ocr_line' id='line_1_18' title="bbox 775 2377 1645 2462; baseline -0.003 -18"><span class='ocrx_word' id='word_1_169' title='bbox 775 2378 869 2444; x_wconf 85' lang='lat' dir='ltr'><em>Nunc</em></span> <span class='ocrx_word' id='word_1_170' title='bbox 889 2378 961 2462; x_wconf 82' lang='lat' dir='ltr'><em>tas,</em></span> <span class='ocrx_word' id='word_1_171' title='bbox 983 2399 1066 2444; x_wconf 88' lang='lat' dir='ltr'><em>uuuc</em></span> <span class='ocrx_word' id='word_1_172' title='bbox 1087 2379 1162 2444; x_wconf 89' lang='lat' dir='ltr'><em>illas</em></span> <span class='ocrx_word' id='word_1_173' title='bbox 1182 2377 1281 2460; x_wconf 71' lang='lat' dir='ltr'><em>repul</em></span> <span class='ocrx_word' id='word_1_174' title='bbox 1302 2382 1459 2460; x_wconf 75' lang='lat' dir='ltr'><em>mittatque</em></span> <span class='ocrx_word' id='word_1_175' title='bbox 1478 2378 1645 2459; x_wconf 70' lang='lat' dir='ltr'><em>fenestrae:</em></span> 
     </span>
     <span class='ocr_line' id='line_1_19' title="bbox 881 2485 1638 2572; baseline -0.003 -20"><span class='ocrx_word' id='word_1_176' title='bbox 881 2485 968 2552; x_wconf 89' lang='lat' dir='ltr'><em>Dum</em></span> <span class='ocrx_word' id='word_1_177' title='bbox 992 2491 1113 2551; x_wconf 74' lang='lat' dir='ltr'><em>mutum</em></span> <span class='ocrx_word' id='word_1_178' title='bbox 1135 2487 1285 2570; x_wconf 83' lang='lat' dir='ltr'><em>aedificet,</em></span> <span class='ocrx_word' id='word_1_179' title='bbox 1308 2485 1455 2569; x_wconf 78' lang='lat' dir='ltr'><em>quidlibet</em></span> <span class='ocrx_word' id='word_1_180' title='bbox 1475 2485 1528 2550; x_wconf 88' lang='lat' dir='ltr'><em>ille</em></span> <span class='ocrx_word' id='word_1_181' title='bbox 1549 2485 1638 2572; x_wconf 68' lang='lat' dir='ltr'><em>suci,</em></span> 
     </span>
     <span class='ocr_line' id='line_1_20' title="bbox 778 2591 1468 2676; baseline -0.003 -18"><span class='ocrx_word' id='word_1_182' title='bbox 778 2591 893 2658; x_wconf 67' lang='lat' dir='ltr'><em>Gauii</em></span> <span class='ocrx_word' id='word_1_183' title='bbox 913 2613 1056 2658; x_wconf 80' lang='lat' dir='ltr'><em>nummos</em></span> <span class='ocrx_word' id='word_1_184' title='bbox 1077 2597 1113 2658; x_wconf 91' lang='lat' dir='ltr'><em>ut</em></span> <span class='ocrx_word' id='word_1_185' title='bbox 1134 2593 1232 2658; x_wconf 74' lang='lat' dir='ltr'><em>tuere</em></span> <span class='ocrx_word' id='word_1_186' title='bbox 1247 2594 1349 2676; x_wconf 88' lang='lat' dir='ltr'><em>possit</em></span> <span class='ocrx_word' id='word_1_187' title='bbox 1370 2593 1468 2657; x_wconf 81' lang='lat' dir='ltr'><em>amuo</em></span> 
     </span>
     <span class='ocr_line' id='line_1_21' title="bbox 887 2695 1596 2784; baseline -0.003 -18"><span class='ocrx_word' id='word_1_188' title='bbox 887 2699 991 2766; x_wconf 90' lang='lat' dir='ltr'><em>Uuum</em></span> <span class='ocrx_word' id='word_1_189' title='bbox 1014 2699 1095 2764; x_wconf 84' lang='lat' dir='ltr'><em>illud</em></span> <span class='ocrx_word' id='word_1_190' title='bbox 1115 2701 1238 2765; x_wconf 78' lang='lat' dir='ltr'><em>emtum</em></span> <span class='ocrx_word' id='word_1_191' title='bbox 1262 2699 1382 2766; x_wconf 79' lang='lat' dir='ltr'><em>Gellius</em></span> <span class='ocrx_word' id='word_1_192' title='bbox 1403 2695 1596 2784; x_wconf 76' lang='lat' dir='ltr'><em>„Aedisico“.</em></span> 
     </span>
    </p>
   </div>
   <div class='ocr_carea' id='block_1_6' title="bbox 197 2821 2021 4960">
    <p class='ocr_par' dir='ltr' id='par_1_6' title="bbox 197 2821 1999 2910">
     <span class='ocr_line' id='line_1_22' title="bbox 197 2821 1999 2910; baseline 0.002 -19"><span class='ocrx_word' id='word_1_193' title='bbox 197 2829 200 2834; x_wconf 83' lang='lat'>&#39;</span> <span class='ocrx_word' id='word_1_194' title='bbox 243 2825 337 2891; x_wconf 86' lang='lat' dir='ltr'><em>Hane</em></span> <span class='ocrx_word' id='word_1_195' title='bbox 361 2825 604 2890; x_wconf 84' lang='lat' dir='ltr'><em>distinctionem</em></span> <span class='ocrx_word' id='word_1_196' title='bbox 628 2845 740 2888; x_wconf 91' lang='lat' dir='ltr'><em>omnes</em></span> <span class='ocrx_word' id='word_1_197' title='bbox 764 2823 922 2890; x_wconf 84' lang='lat' dir='ltr'><em>editiones</em></span> <span class='ocrx_word' id='word_1_198' title='bbox 945 2823 1082 2910; x_wconf 81' lang='lat' dir='ltr'><em>hebent,</em></span> <span class='ocrx_word' id='word_1_199' title='bbox 1104 2825 1168 2891; x_wconf 90' lang='lat' dir='ltr'><em>nisi</em></span> <span class='ocrx_word' id='word_1_200' title='bbox 1192 2825 1277 2910; x_wconf 91' lang='lat' dir='ltr'><em>quod</em></span> <span class='ocrx_word' id='word_1_201' title='bbox 1300 2824 1333 2888; x_wconf 89' lang='lat' dir='ltr'><em>in</em></span> <span class='ocrx_word' id='word_1_202' title='bbox 1357 2823 1447 2888; x_wconf 84' lang='lat' dir='ltr'><em>exitu</em></span> <span class='ocrx_word' id='word_1_203' title='bbox 1471 2845 1583 2888; x_wconf 89' lang='lat' dir='ltr'><em>versus</em></span> <span class='ocrx_word' id='word_1_204' title='bbox 1605 2824 1627 2888; x_wconf 87' lang='lat'>4</span> <span class='ocrx_word' id='word_1_205' title='bbox 1651 2823 1713 2888; x_wconf 88' lang='lat' dir='ltr'><em>soli</em></span> <span class='ocrx_word' id='word_1_206' title='bbox 1737 2821 1999 2894; x_wconf 81' lang='lat' dir='ltr'><em>Schneidewinus</em></span> 
     </span>
    </p>

    <p class='ocr_par' dir='ltr' id='par_1_7' title="bbox 245 2919 2008 3126">
     <span class='ocr_line' id='line_1_23' title="bbox 246 2919 2008 3020; baseline 0.001 -23"><span class='ocrx_word' id='word_1_207' title='bbox 246 2939 279 2997; x_wconf 90' lang='lat' dir='ltr'><em>et</em></span> <span class='ocrx_word' id='word_1_208' title='bbox 307 2931 428 2997; x_wconf 89' lang='lat' dir='ltr'><em>Weber</em></span> <span class='ocrx_word' id='word_1_209' title='bbox 462 2953 589 2997; x_wconf 87' lang='lat' dir='ltr'><em>comma</em></span> <span class='ocrx_word' id='word_1_210' title='bbox 615 2936 807 3017; x_wconf 89' lang='lat' dir='ltr'><em>posuerunt,</em></span> <span class='ocrx_word' id='word_1_211' title='bbox 838 2936 964 2997; x_wconf 86' lang='lat' dir='ltr'><em>veteres</em></span> <span class='ocrx_word' id='word_1_212' title='bbox 1001 2931 1142 2998; x_wconf 86' lang='lat' dir='ltr'><em>editores</em></span> <span class='ocrx_word' id='word_1_213' title='bbox 1172 2936 1207 2997; x_wconf 92' lang='lat' dir='ltr'><em>et</em></span> <span class='ocrx_word' id='word_1_214' title='bbox 1236 2929 1419 2997; x_wconf 88' lang='lat' dir='ltr'><em>Lemairius</em></span> <span class='ocrx_word' id='word_1_215' title='bbox 1454 2928 1564 3014; x_wconf 87' lang='lat' dir='ltr'><em>colon,</em></span> <span class='ocrx_word' id='word_1_216' title='bbox 1594 2927 1786 3018; x_wconf 83' lang='lat' dir='ltr'><em>Seriverius,</em></span> <span class='ocrx_word' id='word_1_217' title='bbox 1813 2919 2008 3020; x_wconf 51' lang='lat' dir='ltr'><em>Bipontinu&#39;</em></span> 
     </span>
     <span class='ocr_line' id='line_1_24' title="bbox 245 3035 1999 3126; baseline 0.001 -21"><span class='ocrx_word' id='word_1_218' title='bbox 245 3037 449 3106; x_wconf 87' lang='lat' dir='ltr'><em>Schrerelius</em></span> <span class='ocrx_word' id='word_1_219' title='bbox 473 3039 572 3105; x_wconf 86' lang='lat' dir='ltr'><em>etiem</em></span> <span class='ocrx_word' id='word_1_220' title='bbox 591 3042 757 3124; x_wconf 86' lang='lat' dir='ltr'><em>punctum.</em></span> <span class='ocrx_word' id='word_1_221' title='bbox 802 3037 956 3126; x_wconf 80' lang='lat' dir='ltr'><em>intellegi</em></span> <span class='ocrx_word' id='word_1_222' title='bbox 974 3038 1021 3104; x_wconf 88' lang='lat' dir='ltr'><em>sic</em></span> <span class='ocrx_word' id='word_1_223' title='bbox 1040 3039 1242 3126; x_wconf 79' lang='lat' dir='ltr'><em>epigramma</em></span> <span class='ocrx_word' id='word_1_224' title='bbox 1264 3059 1361 3123; x_wconf 89' lang='lat' dir='ltr'><em>passe</em></span> <span class='ocrx_word' id='word_1_225' title='bbox 1383 3059 1448 3103; x_wconf 91' lang='lat' dir='ltr'><em>non</em></span> <span class='ocrx_word' id='word_1_226' title='bbox 1471 3035 1612 3122; x_wconf 90' lang='lat' dir='ltr'><em>infitior,</em></span> <span class='ocrx_word' id='word_1_227' title='bbox 1631 3037 1727 3104; x_wconf 91' lang='lat' dir='ltr'><em>modo</em></span> <span class='ocrx_word' id='word_1_228' title='bbox 1745 3061 1786 3104; x_wconf 93' lang='lat' dir='ltr'><em>ne</em></span> <span class='ocrx_word' id='word_1_229' title='bbox 1809 3039 1900 3107; x_wconf 69' lang='lat' dir='ltr'><em>rub</em></span> <span class='ocrx_word' id='word_1_230' title='bbox 1922 3045 1956 3106; x_wconf 90' lang='lat' dir='ltr'><em>et</em></span> <span class='ocrx_word' id='word_1_231' title='bbox 1978 3042 1999 3106; x_wconf 89' lang='lat'>6</span> 
     </span>
    </p>

    <p class='ocr_par' dir='ltr' id='par_1_8' title="bbox 244 3143 2002 3232">
     <span class='ocr_line' id='line_1_25' title="bbox 244 3143 2002 3232; baseline 0.001 -21"><span class='ocrx_word' id='word_1_232' title='bbox 244 3147 346 3212; x_wconf 75' lang='lat' dir='ltr'><em>artius</em></span> <span class='ocrx_word' id='word_1_233' title='bbox 366 3168 435 3211; x_wconf 92' lang='lat' dir='ltr'><em>eum</em></span> <span class='ocrx_word' id='word_1_234' title='bbox 457 3146 564 3211; x_wconf 86' lang='lat' dir='ltr'><em>verbis</em></span> <span class='ocrx_word' id='word_1_235' title='bbox 583 3145 728 3229; x_wconf 71' lang='lat' dir='ltr'><em>quidlibet</em></span> <span class='ocrx_word' id='word_1_236' title='bbox 745 3145 797 3209; x_wconf 89' lang='lat' dir='ltr'><em>ille</em></span> <span class='ocrx_word' id='word_1_237' title='bbox 812 3145 891 3225; x_wconf 79' lang='lat' dir='ltr'><em>fucit</em></span> <span class='ocrx_word' id='word_1_238' title='bbox 908 3145 1099 3232; x_wconf 78' lang='lat' dir='ltr'><em>coniungas,</em></span> <span class='ocrx_word' id='word_1_239' title='bbox 1118 3146 1212 3231; x_wconf 85' lang='lat' dir='ltr'><em>quusi</em></span> <span class='ocrx_word' id='word_1_240' title='bbox 1235 3145 1399 3212; x_wconf 79' lang='lat' dir='ltr'><em>sententie</em></span> <span class='ocrx_word' id='word_1_241' title='bbox 1418 3143 1475 3210; x_wconf 87' lang='lat' dir='ltr'><em>sit:</em></span> <span class='ocrx_word' id='word_1_242' title='bbox 1505 3143 1546 3210; x_wconf 89' lang='lat' dir='ltr'><em>Ut</em></span> <span class='ocrx_word' id='word_1_243' title='bbox 1563 3149 1683 3208; x_wconf 89' lang='lat' dir='ltr'><em>tautum</em></span> <span class='ocrx_word' id='word_1_244' title='bbox 1701 3145 1850 3230; x_wconf 64' lang='lat' dir='ltr'><em>aedificet,</em></span> <span class='ocrx_word' id='word_1_245' title='bbox 1867 3147 2002 3230; x_wconf 86' lang='lat' dir='ltr'><em>qualibet</em></span> 
     </span>
    </p>

    <p class='ocr_par' dir='ltr' id='par_1_9' title="bbox 243 3248 1999 3340">
     <span class='ocr_line' id='line_1_26' title="bbox 243 3248 1999 3340; baseline -0.001 -18"><span class='ocrx_word' id='word_1_246' title='bbox 243 3255 434 3322; x_wconf 64' lang='lat' dir='ltr'><em>aeuum</em></span> <span class='ocrx_word' id='word_1_247' title='bbox 458 3255 556 3318; x_wconf 86' lang='lat' dir='ltr'><em>utitur</em></span> <span class='ocrx_word' id='word_1_248' title='bbox 585 3253 628 3318; x_wconf 86' lang='lat' dir='ltr'><em>ad</em></span> <span class='ocrx_word' id='word_1_249' title='bbox 647 3253 813 3336; x_wconf 85' lang='lat' dir='ltr'><em>peucuiom</em></span> <span class='ocrx_word' id='word_1_250' title='bbox 841 3254 939 3318; x_wconf 88' lang='lat' dir='ltr'><em>amico</em></span> <span class='ocrx_word' id='word_1_251' title='bbox 967 3254 1183 3337; x_wconf 76' lang='lat' dir='ltr'><em>deuepauciaru.</em></span> <span class='ocrx_word' id='word_1_252' title='bbox 1230 3250 1383 3338; x_wconf 83' lang='lat' dir='ltr'><em>Carpitur</em></span> <span class='ocrx_word' id='word_1_253' title='bbox 1402 3251 1489 3316; x_wconf 90' lang='lat' dir='ltr'><em>enim</em></span> <span class='ocrx_word' id='word_1_254' title='bbox 1509 3248 1635 3315; x_wconf 84' lang='lat' dir='ltr'><em>Gellius</em></span> <span class='ocrx_word' id='word_1_255' title='bbox 1653 3272 1719 3317; x_wconf 93' lang='lat' dir='ltr'><em>non</em></span> <span class='ocrx_word' id='word_1_256' title='bbox 1739 3253 1824 3338; x_wconf 92' lang='lat' dir='ltr'><em>quod</em></span> <span class='ocrx_word' id='word_1_257' title='bbox 1842 3253 1999 3340; x_wconf 85' lang='lat' dir='ltr'><em>prodigus</em></span> 
     </span>
    </p>

    <p class='ocr_par' dir='ltr' id='par_1_10' title="bbox 243 3357 1999 3446">
     <span class='ocr_line' id='line_1_27' title="bbox 243 3357 1999 3446; baseline 0.001 -20"><span class='ocrx_word' id='word_1_258' title='bbox 243 3362 276 3426; x_wconf 91' lang='lat' dir='ltr'><em>in</em></span> <span class='ocrx_word' id='word_1_259' title='bbox 300 3358 500 3426; x_wconf 79' lang='lat' dir='ltr'><em>aedificando</em></span> <span class='ocrx_word' id='word_1_260' title='bbox 531 3360 588 3446; x_wconf 93' lang='lat' dir='ltr'><em>sit,</em></span> <span class='ocrx_word' id='word_1_261' title='bbox 616 3359 673 3425; x_wconf 90' lang='lat' dir='ltr'><em>sed</em></span> <span class='ocrx_word' id='word_1_262' title='bbox 698 3359 784 3444; x_wconf 90' lang='lat' dir='ltr'><em>quod</em></span> <span class='ocrx_word' id='word_1_263' title='bbox 814 3359 954 3424; x_wconf 79' lang='lat' dir='ltr'><em>avaritia</em></span> <span class='ocrx_word' id='word_1_264' title='bbox 985 3364 1168 3426; x_wconf 90' lang='lat' dir='ltr'><em>commotus</em></span> <span class='ocrx_word' id='word_1_265' title='bbox 1192 3381 1319 3445; x_wconf 87' lang='lat' dir='ltr'><em>semper</em></span> <span class='ocrx_word' id='word_1_266' title='bbox 1343 3357 1510 3424; x_wconf 82' lang='lat' dir='ltr'><em>levissime</em></span> <span class='ocrx_word' id='word_1_267' title='bbox 1532 3379 1679 3443; x_wconf 84' lang='lat' dir='ltr'><em>quaeque</em></span> <span class='ocrx_word' id='word_1_268' title='bbox 1702 3357 1862 3426; x_wconf 80' lang='lat' dir='ltr'><em>aedificat.</em></span> <span class='ocrx_word' id='word_1_269' title='bbox 1907 3360 1999 3446; x_wconf 79' lang='lat' dir='ltr'><em>Ergo</em></span> 
     </span>
    </p>

    <p class='ocr_par' dir='ltr' id='par_1_11' title="bbox 243 3465 2003 3553">
     <span class='ocr_line' id='line_1_28' title="bbox 243 3465 2003 3553; baseline 0 -19"><span class='ocrx_word' id='word_1_270' title='bbox 243 3469 291 3534; x_wconf 88' lang='lat' dir='ltr'><em>sie</em></span> <span class='ocrx_word' id='word_1_271' title='bbox 313 3467 537 3553; x_wconf 85' lang='lat' dir='ltr'><em>interpreteris</em></span> <span class='ocrx_word' id='word_1_272' title='bbox 560 3489 692 3532; x_wconf 89' lang='lat' dir='ltr'><em>neeesse</em></span> <span class='ocrx_word' id='word_1_273' title='bbox 716 3471 779 3531; x_wconf 89' lang='lat' dir='ltr'><em>est:</em></span> <span class='ocrx_word' id='word_1_274' title='bbox 808 3472 844 3530; x_wconf 90' lang='lat' dir='ltr'><em>ut</em></span> <span class='ocrx_word' id='word_1_275' title='bbox 866 3471 986 3532; x_wconf 85' lang='lat' dir='ltr'><em>tautum</em></span> <span class='ocrx_word' id='word_1_276' title='bbox 1007 3469 1159 3553; x_wconf 78' lang='lat' dir='ltr'><em>aedificet,</em></span> <span class='ocrx_word' id='word_1_277' title='bbox 1180 3467 1327 3550; x_wconf 81' lang='lat' dir='ltr'><em>quidlibet</em></span> <span class='ocrx_word' id='word_1_278' title='bbox 1347 3465 1399 3530; x_wconf 88' lang='lat' dir='ltr'><em>ille</em></span> <span class='ocrx_word' id='word_1_279' title='bbox 1420 3466 1513 3546; x_wconf 78' lang='lat' dir='ltr'><em>facit:</em></span> <span class='ocrx_word' id='word_1_280' title='bbox 1543 3484 1638 3530; x_wconf 88' lang='lat' dir='ltr'><em>eausa</em></span> <span class='ocrx_word' id='word_1_281' title='bbox 1660 3469 1762 3529; x_wconf 76' lang='lat' dir='ltr'><em>ouum</em></span> <span class='ocrx_word' id='word_1_282' title='bbox 1786 3465 1879 3534; x_wconf 77' lang='lat' dir='ltr'><em>liuius</em></span> <span class='ocrx_word' id='word_1_283' title='bbox 1896 3470 1942 3533; x_wconf 89' lang='lat' dir='ltr'><em>rei</em></span> <span class='ocrx_word' id='word_1_284' title='bbox 1958 3474 2003 3534; x_wconf 91' lang='lat' dir='ltr'><em>est</em></span> 
     </span>
    </p>

    <p class='ocr_par' dir='ltr' id='par_1_12' title="bbox 242 3569 2000 3660">
     <span class='ocr_line' id='line_1_29' title="bbox 242 3569 2000 3660; baseline 0.002 -22"><span class='ocrx_word' id='word_1_285' title='bbox 242 3575 320 3658; x_wconf 86' lang='lat' dir='ltr'><em>(uou</em></span> <span class='ocrx_word' id='word_1_286' title='bbox 349 3575 547 3640; x_wconf 85' lang='lat' dir='ltr'><em>immodicum</em></span> <span class='ocrx_word' id='word_1_287' title='bbox 577 3573 763 3654; x_wconf 79' lang='lat' dir='ltr'><em>aedificandi</em></span> <span class='ocrx_word' id='word_1_288' title='bbox 791 3575 943 3659; x_wconf 86' lang='lat' dir='ltr'><em>studium,</em></span> <span class='ocrx_word' id='word_1_289' title='bbox 965 3575 1032 3659; x_wconf 84' lang='lat' dir='ltr'><em>secl)</em></span> <span class='ocrx_word' id='word_1_290' title='bbox 1062 3575 1142 3658; x_wconf 85' lang='lat' dir='ltr'><em>quod</em></span> <span class='ocrx_word' id='word_1_291' title='bbox 1171 3575 1270 3638; x_wconf 77' lang='lat' dir='ltr'><em>amico</em></span> <span class='ocrx_word' id='word_1_292' title='bbox 1289 3573 1455 3657; x_wconf 74' lang='lat' dir='ltr'><em>pecuniam</em></span> <span class='ocrx_word' id='word_1_293' title='bbox 1478 3572 1544 3638; x_wconf 74' lang='lat' dir='ltr'><em>mult</em></span> <span class='ocrx_word' id='word_1_294' title='bbox 1566 3573 1720 3654; x_wconf 76' lang='lat' dir='ltr'><em>derepere.</em></span> <span class='ocrx_word' id='word_1_295' title='bbox 1766 3569 1828 3638; x_wconf 86' lang='lat' dir='ltr'><em>Sed</em></span> <span class='ocrx_word' id='word_1_296' title='bbox 1851 3575 1899 3640; x_wconf 87' lang='lat' dir='ltr'><em>ita</em></span> <span class='ocrx_word' id='word_1_297' title='bbox 1921 3580 2000 3660; x_wconf 92' lang='lat' dir='ltr'><em>puto</em></span> 
     </span>
    </p>

    <p class='ocr_par' dir='ltr' id='par_1_13' title="bbox 242 3677 2002 3767">
     <span class='ocr_line' id='line_1_30' title="bbox 242 3677 2002 3767; baseline 0.002 -21"><span class='ocrx_word' id='word_1_298' title='bbox 242 3682 405 3747; x_wconf 90' lang='lat' dir='ltr'><em>neminem</em></span> <span class='ocrx_word' id='word_1_299' title='bbox 434 3681 515 3746; x_wconf 91' lang='lat' dir='ltr'><em>haec</em></span> <span class='ocrx_word' id='word_1_300' title='bbox 551 3681 651 3746; x_wconf 86' lang='lat' dir='ltr'><em>verba</em></span> <span class='ocrx_word' id='word_1_301' title='bbox 680 3679 885 3766; x_wconf 83' lang='lat' dir='ltr'><em>intellegere,</em></span> <span class='ocrx_word' id='word_1_302' title='bbox 919 3681 984 3746; x_wconf 89' lang='lat' dir='ltr'><em>nisi</em></span> <span class='ocrx_word' id='word_1_303' title='bbox 1015 3681 1069 3767; x_wconf 91' lang='lat' dir='ltr'><em>qui</em></span> <span class='ocrx_word' id='word_1_304' title='bbox 1100 3686 1215 3767; x_wconf 89' lang='lat' dir='ltr'><em>terque</em></span> <span class='ocrx_word' id='word_1_305' title='bbox 1239 3685 1418 3766; x_wconf 81' lang='lat' dir='ltr'><em>quaterque</em></span> <span class='ocrx_word' id='word_1_306' title='bbox 1442 3701 1481 3744; x_wconf 86' lang='lat' dir='ltr'><em>ea</em></span> <span class='ocrx_word' id='word_1_307' title='bbox 1503 3677 1694 3764; x_wconf 81' lang='lat' dir='ltr'><em>perlegerit3</em></span> <span class='ocrx_word' id='word_1_308' title='bbox 1716 3700 1818 3763; x_wconf 88' lang='lat' dir='ltr'><em>eaque</em></span> <span class='ocrx_word' id='word_1_309' title='bbox 1840 3682 1881 3747; x_wconf 94' lang='lat' dir='ltr'><em>de</em></span> <span class='ocrx_word' id='word_1_310' title='bbox 1903 3703 2002 3749; x_wconf 84' lang='lat' dir='ltr'><em>eausa</em></span> 
     </span>
    </p>

    <p class='ocr_par' dir='ltr' id='par_1_14' title="bbox 241 3784 2002 3874">
     <span class='ocr_line' id='line_1_31' title="bbox 241 3784 2002 3874; baseline 0.001 -21"><span class='ocrx_word' id='word_1_311' title='bbox 241 3812 317 3874; x_wconf 88' lang='lat' dir='ltr'><em>pars</em></span> <span class='ocrx_word' id='word_1_312' title='bbox 350 3789 510 3854; x_wconf 88' lang='lat' dir='ltr'><em>editorum</em></span> <span class='ocrx_word' id='word_1_313' title='bbox 544 3791 657 3853; x_wconf 82' lang='lat' dir='ltr'><em>contra</em></span> <span class='ocrx_word' id='word_1_314' title='bbox 690 3787 821 3872; x_wconf 84' lang='lat' dir='ltr'><em>regulas</em></span> <span class='ocrx_word' id='word_1_315' title='bbox 854 3787 1105 3874; x_wconf 81' lang='lat' dir='ltr'><em>interpungendi</em></span> <span class='ocrx_word' id='word_1_316' title='bbox 1137 3792 1292 3874; x_wconf 89' lang='lat' dir='ltr'><em>punctum</em></span> <span class='ocrx_word' id='word_1_317' title='bbox 1326 3791 1402 3852; x_wconf 89' lang='lat' dir='ltr'><em>ante</em></span> <span class='ocrx_word' id='word_1_318' title='bbox 1430 3784 1687 3852; x_wconf 90' lang='lat' dir='ltr'><em>enuntiationem</em></span> <span class='ocrx_word' id='word_1_319' title='bbox 1714 3785 1847 3853; x_wconf 76' lang='lat' dir='ltr'><em>finalem</em></span> <span class='ocrx_word' id='word_1_320' title='bbox 1881 3790 2002 3874; x_wconf 86' lang='lat' dir='ltr'><em>posuit.</em></span> 
     </span>
    </p>

    <p class='ocr_par' dir='ltr' id='par_1_15' title="bbox 241 3890 1997 3981">
     <span class='ocr_line' id='line_1_32' title="bbox 241 3890 1997 3981; baseline 0.002 -21"><span class='ocrx_word' id='word_1_321' title='bbox 241 3931 285 3942; x_wconf 91' lang='lat'>-</span> <span class='ocrx_word' id='word_1_322' title='bbox 307 3895 380 3980; x_wconf 77' lang='lat' dir='ltr'><em>Ego</em></span> <span class='ocrx_word' id='word_1_323' title='bbox 411 3895 542 3960; x_wconf 90' lang='lat' dir='ltr'><em>initium</em></span> <span class='ocrx_word' id='word_1_324' title='bbox 570 3916 683 3960; x_wconf 87' lang='lat' dir='ltr'><em>versus</em></span> <span class='ocrx_word' id='word_1_325' title='bbox 713 3897 734 3958; x_wconf 89' lang='lat'>4</span> <span class='ocrx_word' id='word_1_326' title='bbox 757 3917 830 3960; x_wconf 90' lang='lat' dir='ltr'><em>eum</em></span> <span class='ocrx_word' id='word_1_327' title='bbox 859 3895 1126 3980; x_wconf 75' lang='lat' dir='ltr'><em>praecedentibus</em></span> <span class='ocrx_word' id='word_1_328' title='bbox 1157 3895 1318 3981; x_wconf 89' lang='lat' dir='ltr'><em>coniunge</em></span> <span class='ocrx_word' id='word_1_329' title='bbox 1350 3898 1384 3958; x_wconf 92' lang='lat' dir='ltr'><em>et</em></span> <span class='ocrx_word' id='word_1_330' title='bbox 1413 3898 1534 3957; x_wconf 87' lang='lat' dir='ltr'><em>tautum</em></span> <span class='ocrx_word' id='word_1_331' title='bbox 1555 3890 1692 3972; x_wconf 73' lang='lat' dir='ltr'><em>culpae</em></span> <span class='ocrx_word' id='word_1_332' title='bbox 1714 3890 1911 3978; x_wconf 88' lang='lat' dir='ltr'><em>interpretor</em></span> <span class='ocrx_word' id='word_1_333' title='bbox 1933 3919 1997 3963; x_wconf 92' lang='lat' dir='ltr'><em>non</em></span> 
     </span>
    </p>

    <p class='ocr_par' dir='ltr' id='par_1_16' title="bbox 242 3997 1999 4088">
     <span class='ocr_line' id='line_1_33' title="bbox 242 3997 1999 4088; baseline 0.001 -22"><span class='ocrx_word' id='word_1_334' title='bbox 242 4009 307 4069; x_wconf 88' lang='lat' dir='ltr'><em>tam</em></span> <span class='ocrx_word' id='word_1_335' title='bbox 324 4003 456 4068; x_wconf 90' lang='lat' dir='ltr'><em>multum</em></span> <span class='ocrx_word' id='word_1_336' title='bbox 473 4003 548 4087; x_wconf 78' lang='lat' dir='ltr'><em>aed,</em></span> <span class='ocrx_word' id='word_1_337' title='bbox 570 4000 627 4066; x_wconf 89' lang='lat' dir='ltr'><em>sed</em></span> <span class='ocrx_word' id='word_1_338' title='bbox 645 4001 782 4081; x_wconf 72' lang='lat' dir='ltr'><em>aedificet</em></span> <span class='ocrx_word' id='word_1_339' title='bbox 794 4003 899 4066; x_wconf 81' lang='lat' dir='ltr'><em>uude:</em></span> <span class='ocrx_word' id='word_1_340' title='bbox 925 4001 964 4067; x_wconf 84' lang='lat' dir='ltr'><em>ei.</em></span> <span class='ocrx_word' id='word_1_341' title='bbox 977 4001 1020 4088; x_wconf 91' lang='lat' dir='ltr'><em>X,</em></span> <span class='ocrx_word' id='word_1_342' title='bbox 1035 4003 1091 4088; x_wconf 86' lang='lat'><em>34,</em></span> <span class='ocrx_word' id='word_1_343' title='bbox 1106 4005 1136 4068; x_wconf 88' lang='lat'><em>6.</em></span> <span class='ocrx_word' id='word_1_344' title='bbox 1167 4007 1202 4066; x_wconf 93' lang='lat' dir='ltr'><em>ut</em></span> <span class='ocrx_word' id='word_1_345' title='bbox 1217 4039 1256 4048; x_wconf 90' lang='lat'>—</span> <span class='ocrx_word' id='word_1_346' title='bbox 1274 4002 1362 4067; x_wconf 86' lang='lat' dir='ltr'><em>liceat</em></span> <span class='ocrx_word' id='word_1_347' title='bbox 1375 4005 1496 4065; x_wconf 72' lang='lat' dir='ltr'><em>mutium</em></span> <span class='ocrx_word' id='word_1_348' title='bbox 1510 4019 1581 4065; x_wconf 85' lang='lat' dir='ltr'><em>cera</em></span> <span class='ocrx_word' id='word_1_349' title='bbox 1592 3997 1776 4082; x_wconf 82' lang='lat' dir='ltr'><em>protare-</em></span> <span class='ocrx_word' id='word_1_350' title='bbox 1780 4006 1867 4084; x_wconf 85' lang='lat' dir='ltr'><em>pates</em></span> <span class='ocrx_word' id='word_1_351' title='bbox 1881 4002 1999 4068; x_wconf 86' lang='lat' dir='ltr'><em>simili.</em></span> 
     </span>
    </p>

    <p class='ocr_par' dir='ltr' id='par_1_17' title="bbox 237 4106 2021 4409">
     <span class='ocr_line' id='line_1_34' title="bbox 241 4106 2004 4196; baseline 0 -20"><span class='ocrx_word' id='word_1_352' title='bbox 241 4115 355 4196; x_wconf 90' lang='lat' dir='ltr'><em>terque</em></span> <span class='ocrx_word' id='word_1_353' title='bbox 369 4109 426 4194; x_wconf 86' lang='lat' dir='ltr'><em>Xl,</em></span> <span class='ocrx_word' id='word_1_354' title='bbox 440 4109 493 4196; x_wconf 86' lang='lat'><em>55,</em></span> <span class='ocrx_word' id='word_1_355' title='bbox 507 4109 537 4174; x_wconf 78' lang='lat'><em>5.</em></span> <span class='ocrx_word' id='word_1_356' title='bbox 572 4107 767 4194; x_wconf 81' lang='lat' dir='ltr'><em>x1,84,12;</em></span> <span class='ocrx_word' id='word_1_357' title='bbox 790 4107 984 4174; x_wconf 86' lang='lat' dir='ltr'><em>collocatum</em></span> <span class='ocrx_word' id='word_1_358' title='bbox 1003 4113 1112 4174; x_wconf 86' lang='lat' dir='ltr'><em>eutem</em></span> <span class='ocrx_word' id='word_1_359' title='bbox 1131 4113 1252 4174; x_wconf 82' lang='lat' dir='ltr'><em>tauteuu</em></span> <span class='ocrx_word' id='word_1_360' title='bbox 1270 4111 1322 4174; x_wconf 90' lang='lat' dir='ltr'><em>est</em></span> <span class='ocrx_word' id='word_1_361' title='bbox 1339 4111 1377 4172; x_wconf 90' lang='lat' dir='ltr'><em>ut</em></span> <span class='ocrx_word' id='word_1_362' title='bbox 1394 4106 1451 4192; x_wconf 87' lang='lat' dir='ltr'><em>IX,</em></span> <span class='ocrx_word' id='word_1_363' title='bbox 1466 4108 1517 4191; x_wconf 79' lang='grc'><em>74,</em></span> <span class='ocrx_word' id='word_1_364' title='bbox 1535 4108 1569 4172; x_wconf 90' lang='lat' dir='ltr'><em>l:</em></span> <span class='ocrx_word' id='word_1_365' title='bbox 1591 4107 1730 4190; x_wconf 75' lang='lat' dir='ltr'><em>effipiem</em></span> <span class='ocrx_word' id='word_1_366' title='bbox 1750 4112 1898 4174; x_wconf 88' lang='lat' dir='ltr'><em>tautum</em></span> <span class='ocrx_word' id='word_1_367' title='bbox 1910 4132 2004 4194; x_wconf 88' lang='lat' dir='ltr'><em>puer</em></span> 
     </span>
     <span class='ocr_line' id='line_1_35' title="bbox 237 4210 2021 4300; baseline 0 -20"><span class='ocrx_word' id='word_1_368' title='bbox 237 4220 362 4300; x_wconf 71' lang='lat' dir='ltr'><em>pictura</em></span> <span class='ocrx_word' id='word_1_369' title='bbox 381 4215 511 4282; x_wconf 86' lang='lat' dir='ltr'><em>Gamoui</em></span> <span class='ocrx_word' id='word_1_370' title='bbox 529 4213 653 4299; x_wconf 78' lang='lat' dir='ltr'><em>Samot,</em></span> <span class='ocrx_word' id='word_1_371' title='bbox 675 4221 704 4279; x_wconf 90' lang='lat' dir='ltr'><em>et</em></span> <span class='ocrx_word' id='word_1_372' title='bbox 720 4217 853 4296; x_wconf 76' lang='lat' dir='ltr'><em>infautis</em></span> <span class='ocrx_word' id='word_1_373' title='bbox 869 4237 974 4299; x_wconf 88' lang='lat' dir='ltr'><em>parva</em></span> <span class='ocrx_word' id='word_1_374' title='bbox 990 4217 1094 4300; x_wconf 72' lang='lat' dir='ltr'><em>tipura</em></span> <span class='ocrx_word' id='word_1_375' title='bbox 1111 4221 1224 4280; x_wconf 81' lang='lat' dir='ltr'><em>amuel.</em></span> <span class='ocrx_word' id='word_1_376' title='bbox 1260 4214 1367 4280; x_wconf 87' lang='lat' dir='ltr'><em>Maior</em></span> <span class='ocrx_word' id='word_1_377' title='bbox 1385 4212 1490 4298; x_wconf 89' lang='lat' dir='ltr'><em>igitur</em></span> <span class='ocrx_word' id='word_1_378' title='bbox 1508 4210 1691 4278; x_wconf 88' lang='lat' dir='ltr'><em>distinctio</em></span> <span class='ocrx_word' id='word_1_379' title='bbox 1712 4216 1769 4277; x_wconf 88' lang='lat' dir='ltr'><em>eut</em></span> <span class='ocrx_word' id='word_1_380' title='bbox 1787 4218 1864 4298; x_wconf 87' lang='lat' dir='ltr'><em>post</em></span> <span class='ocrx_word' id='word_1_381' title='bbox 1881 4218 2021 4300; x_wconf 80' lang='lat' dir='ltr'><em>aedifice.</em></span> 
     </span>
     <span class='ocr_line' id='line_1_36' title="bbox 243 4319 1999 4409; baseline 0 -20"><span class='ocrx_word' id='word_1_382' title='bbox 243 4330 299 4390; x_wconf 89' lang='lat' dir='ltr'><em>aut</em></span> <span class='ocrx_word' id='word_1_383' title='bbox 328 4328 404 4389; x_wconf 83' lang='lat' dir='ltr'><em>ente</em></span> <span class='ocrx_word' id='word_1_384' title='bbox 432 4324 511 4404; x_wconf 78' lang='lat' dir='ltr'><em>facit</em></span> <span class='ocrx_word' id='word_1_385' title='bbox 538 4323 688 4409; x_wconf 86' lang='lat' dir='ltr'><em>ponenda</em></span> <span class='ocrx_word' id='word_1_386' title='bbox 718 4328 776 4386; x_wconf 88' lang='lat' dir='ltr'><em>est.</em></span> <span class='ocrx_word' id='word_1_387' title='bbox 830 4321 916 4389; x_wconf 92' lang='lat' dir='ltr'><em>Illud</em></span> <span class='ocrx_word' id='word_1_388' title='bbox 946 4322 1062 4408; x_wconf 93' lang='lat' dir='ltr'><em>nolim,</em></span> <span class='ocrx_word' id='word_1_389' title='bbox 1092 4323 1168 4408; x_wconf 90' lang='lat' dir='ltr'><em>quia</em></span> <span class='ocrx_word' id='word_1_390' title='bbox 1190 4321 1341 4408; x_wconf 85' lang='lat' dir='ltr'><em>displicet</em></span> <span class='ocrx_word' id='word_1_391' title='bbox 1367 4319 1551 4385; x_wconf 80' lang='lat' dir='ltr'><em>subiectum</em></span> <span class='ocrx_word' id='word_1_392' title='bbox 1579 4319 1614 4384; x_wconf 92' lang='lat' dir='ltr'><em>in</em></span> <span class='ocrx_word' id='word_1_393' title='bbox 1637 4319 1750 4385; x_wconf 85' lang='lat' dir='ltr'><em>eedem</em></span> <span class='ocrx_word' id='word_1_394' title='bbox 1774 4323 1999 4389; x_wconf 90' lang='lat' dir='ltr'><em>enuntiatione</em></span> 
     </span>
    </p>

    <p class='ocr_par' dir='ltr' id='par_1_18' title="bbox 241 4427 1257 4517">
     <span class='ocr_line' id='line_1_37' title="bbox 241 4427 1257 4517; baseline -0.004 -19"><span class='ocrx_word' id='word_1_395' title='bbox 241 4433 396 4497; x_wconf 86' lang='lat' dir='ltr'><em>iteratum</em></span> <span class='ocrx_word' id='word_1_396' title='bbox 420 4428 503 4517; x_wconf 91' lang='lat' dir='ltr'><em>(ille</em></span> <span class='ocrx_word' id='word_1_397' title='bbox 523 4429 603 4510; x_wconf 77' lang='lat' dir='ltr'><em>facit</em></span> <span class='ocrx_word' id='word_1_398' title='bbox 624 4452 653 4494; x_wconf 87' lang='lat' dir='ltr'><em>r.</em></span> <span class='ocrx_word' id='word_1_399' title='bbox 671 4430 701 4494; x_wconf 92' lang='grc'><em>4.</em></span> <span class='ocrx_word' id='word_1_400' title='bbox 725 4429 845 4495; x_wconf 82' lang='lat' dir='ltr'><em>Gellius</em></span> <span class='ocrx_word' id='word_1_401' title='bbox 867 4452 896 4493; x_wconf 88' lang='lat' dir='ltr'><em>v.</em></span> <span class='ocrx_word' id='word_1_402' title='bbox 915 4427 959 4516; x_wconf 89' lang='lat'><em>6).</em></span> <span class='ocrx_word' id='word_1_403' title='bbox 1005 4428 1117 4495; x_wconf 86' lang='lat' dir='ltr'><em>Scribo</em></span> <span class='ocrx_word' id='word_1_404' title='bbox 1141 4429 1257 4514; x_wconf 88' lang='lat' dir='ltr'><em>igitur:</em></span> 
     </span>
    </p>

    <p class='ocr_par' dir='ltr' id='par_1_19' title="bbox 773 4553 1640 4960">
     <span class='ocr_line' id='line_1_38' title="bbox 773 4553 1580 4638; baseline -0.006 -18"><span class='ocrx_word' id='word_1_405' title='bbox 773 4553 893 4620; x_wconf 82' lang='lat' dir='ltr'><em>Gellius</em></span> <span class='ocrx_word' id='word_1_406' title='bbox 914 4555 1056 4635; x_wconf 71' lang='lat' dir='ltr'><em>aedificat</em></span> <span class='ocrx_word' id='word_1_407' title='bbox 1076 4573 1207 4638; x_wconf 80' lang='lat' dir='ltr'><em>surrper:</em></span> <span class='ocrx_word' id='word_1_408' title='bbox 1236 4555 1325 4618; x_wconf 85' lang='lat' dir='ltr'><em>mado</em></span> <span class='ocrx_word' id='word_1_409' title='bbox 1348 4553 1461 4618; x_wconf 79' lang='lat' dir='ltr'><em>limina</em></span> <span class='ocrx_word' id='word_1_410' title='bbox 1478 4553 1580 4636; x_wconf 87' lang='lat' dir='ltr'><em>pouit,</em></span> 
     </span>
     <span class='ocr_line' id='line_1_39' title="bbox 880 4660 1610 4745; baseline -0.004 -19"><span class='ocrx_word' id='word_1_411' title='bbox 880 4661 973 4726; x_wconf 85' lang='lat' dir='ltr'><em>Nuuc</em></span> <span class='ocrx_word' id='word_1_412' title='bbox 993 4661 1111 4742; x_wconf 74' lang='lat' dir='ltr'><em>suibus</em></span> <span class='ocrx_word' id='word_1_413' title='bbox 1133 4661 1231 4726; x_wconf 89' lang='lat' dir='ltr'><em>claves</em></span> <span class='ocrx_word' id='word_1_414' title='bbox 1253 4665 1341 4745; x_wconf 87' lang='lat' dir='ltr'><em>optat</em></span> <span class='ocrx_word' id='word_1_415' title='bbox 1362 4660 1491 4741; x_wconf 77' lang='lat' dir='ltr'><em>uritque</em></span> <span class='ocrx_word' id='word_1_416' title='bbox 1513 4677 1610 4736; x_wconf 89' lang='lat' dir='ltr'><em>seras,</em></span> 
     </span>
     <span class='ocr_line' id='line_1_40' title="bbox 773 4766 1622 4851; baseline -0.001 -19"><span class='ocrx_word' id='word_1_417' title='bbox 773 4769 866 4832; x_wconf 86' lang='lat' dir='ltr'><em>Nuuc</em></span> <span class='ocrx_word' id='word_1_418' title='bbox 887 4767 944 4833; x_wconf 84' lang='lat' dir='ltr'><em>tras</em></span> <span class='ocrx_word' id='word_1_419' title='bbox 965 4787 1048 4832; x_wconf 89' lang='lat' dir='ltr'><em>uuue</em></span> <span class='ocrx_word' id='word_1_420' title='bbox 1069 4767 1142 4832; x_wconf 85' lang='lat' dir='ltr'><em>illas</em></span> <span class='ocrx_word' id='word_1_421' title='bbox 1163 4766 1262 4848; x_wconf 75' lang='lat' dir='ltr'><em>reficit</em></span> <span class='ocrx_word' id='word_1_422' title='bbox 1282 4771 1438 4850; x_wconf 79' lang='lat' dir='ltr'><em>mutatque</em></span> <span class='ocrx_word' id='word_1_423' title='bbox 1458 4766 1622 4851; x_wconf 77' lang='lat' dir='ltr'><em>fmestras,</em></span> 
     </span>
     <span class='ocr_line' id='line_1_41' title="bbox 878 4873 1640 4960; baseline -0.003 -20"><span class='ocrx_word' id='word_1_424' title='bbox 878 4873 966 4940; x_wconf 87' lang='lat' dir='ltr'><em>Dum</em></span> <span class='ocrx_word' id='word_1_425' title='bbox 989 4880 1108 4940; x_wconf 79' lang='lat' dir='ltr'><em>mulum</em></span> <span class='ocrx_word' id='word_1_426' title='bbox 1130 4876 1268 4960; x_wconf 75' lang='lat' dir='ltr'><em>aedificet</em></span> <span class='ocrx_word' id='word_1_427' title='bbox 1284 4875 1429 4958; x_wconf 75' lang='lat' dir='ltr'><em>qur&#39;ellrbet</em></span> <span class='ocrx_word' id='word_1_428' title='bbox 1450 4873 1511 4940; x_wconf 89' lang='lat' dir='ltr'><em>ille.</em></span> <span class='ocrx_word' id='word_1_429' title='bbox 1533 4873 1640 4959; x_wconf 86' lang='lat' dir='ltr'><em>Facit,</em></span> 
     </span>
    </p>
   </div>
   <div class='ocr_carea' id='block_1_7' title="bbox 774 4981 1590 5174">
    <p class='ocr_par' dir='ltr' id='par_1_20' title="bbox 774 4981 1590 5174">
     <span class='ocr_line' id='line_1_42' title="bbox 774 4981 1463 5065; baseline -0.003 -17"><span class='ocrx_word' id='word_1_430' title='bbox 774 4981 887 5048; x_wconf 64' lang='lat' dir='ltr'><em>&amp;auti</em></span> <span class='ocrx_word' id='word_1_431' title='bbox 908 5001 1050 5046; x_wconf 87' lang='lat' dir='ltr'><em>uummos</em></span> <span class='ocrx_word' id='word_1_432' title='bbox 1071 4985 1107 5045; x_wconf 86' lang='lat' dir='ltr'><em>ut</em></span> <span class='ocrx_word' id='word_1_433' title='bbox 1128 4982 1225 5046; x_wconf 76' lang='lat' dir='ltr'><em>eluere</em></span> <span class='ocrx_word' id='word_1_434' title='bbox 1241 4982 1342 5065; x_wconf 88' lang='lat' dir='ltr'><em>possit</em></span> <span class='ocrx_word' id='word_1_435' title='bbox 1363 4983 1463 5046; x_wconf 80' lang='lat' dir='ltr'><em>aruua</em></span> 
     </span>
     <span class='ocr_line' id='line_1_43' title="bbox 885 5085 1590 5174; baseline -0.003 -20"><span class='ocrx_word' id='word_1_436' title='bbox 885 5087 989 5154; x_wconf 90' lang='lat' dir='ltr'><em>Uuum</em></span> <span class='ocrx_word' id='word_1_437' title='bbox 1011 5089 1091 5154; x_wconf 83' lang='lat' dir='ltr'><em>illud</em></span> <span class='ocrx_word' id='word_1_438' title='bbox 1111 5089 1233 5153; x_wconf 83' lang='lat' dir='ltr'><em>uerbum</em></span> <span class='ocrx_word' id='word_1_439' title='bbox 1257 5087 1377 5154; x_wconf 83' lang='lat' dir='ltr'><em>Gellius</em></span> <span class='ocrx_word' id='word_1_440' title='bbox 1397 5085 1590 5174; x_wconf 76' lang='lat' dir='ltr'><em>„Aedifioo“.</em></span> 
     </span>
    </p>
   </div>
   <div class='ocr_carea' id='block_1_8' title="bbox 242 5213 1223 5300">
    <p class='ocr_par' dir='ltr' id='par_1_21' title="bbox 242 5213 1223 5300">
     <span class='ocr_line' id='line_1_44' title="bbox 242 5213 1223 5300; baseline -0.004 -19"><span class='ocrx_word' id='word_1_441' title='bbox 242 5215 394 5282; x_wconf 86' lang='lat' dir='ltr'><em>Ceterum</em></span> <span class='ocrx_word' id='word_1_442' title='bbox 417 5237 512 5280; x_wconf 84' lang='lat' dir='ltr'><em>versu</em></span> <span class='ocrx_word' id='word_1_443' title='bbox 535 5216 556 5280; x_wconf 82' lang='lat'><em>2</em></span> <span class='ocrx_word' id='word_1_444' title='bbox 580 5218 753 5300; x_wconf 78' lang='lat' dir='ltr'><em>commate,</em></span> <span class='ocrx_word' id='word_1_445' title='bbox 775 5237 840 5279; x_wconf 91' lang='lat' dir='ltr'><em>nan</em></span> <span class='ocrx_word' id='word_1_446' title='bbox 863 5213 1016 5279; x_wconf 88' lang='lat' dir='ltr'><em>semicolo</em></span> <span class='ocrx_word' id='word_1_447' title='bbox 1039 5233 1117 5278; x_wconf 89' lang='lat' dir='ltr'><em>usus</em></span> <span class='ocrx_word' id='word_1_448' title='bbox 1141 5235 1223 5278; x_wconf 91' lang='lat' dir='ltr'><em>sum.</em></span> 
     </span>
    </p>
   </div>
   <div class='ocr_carea' id='block_1_9' title="bbox 0 0 2390 5927">
    <p class='ocr_par' dir='ltr' id='par_1_22' title="bbox 0 0 2390 5927">
     <span class='ocr_line' id='line_1_45' title="bbox 0 0 2390 5927; baseline 0 0"><span class='ocrx_word' id='word_1_449' title='bbox 0 0 2390 5927; x_wconf 95' lang='lat' dir='ltr'><em> </em></span> 
     </span>
    </p>
   </div>
  </div>
 </body>
</html>
