4770 5932
1131 309 1343 422 An„

840 519 870 586 5.
892 519 1060 603 Inqeniosa
1083 523 1186 586 tamen
1208 519 1367 602 Pompulli
1389 519 1505 604 scripta
1525 520 1680 601 ferantur.

999 626 1085 712 „Sed
1104 626 1210 708 famae
1231 647 1295 692 non
1316 631 1361 692 est
1382 626 1448 712 too,
1471 626 1551 692 mili
1571 629 1671 713 oredo,
1692 631 1779 693 sotis.

894 733 995 815 Quam
1017 734 1110 799 malti
1132 735 1231 800 tinans
1248 739 1383 816 passioni
1403 733 1573 816 blattasque
1595 735 1717 820 diserti,

999 841 1046 906 Et
1066 842 1224 906 rediment
1244 841 1303 907 soli
1325 843 1468 906 cannino
1490 842 1579 906 docta
1600 839 1683 906 ooai!

893 949 1003 1014 Nescio
1025 950 1102 1031 qnid
1121 948 1193 1030 plns
1216 952 1270 1033 est,
1293 951 1375 1032 qaod
1395 949 1491 1013 donat
1512 949 1635 1023 saoaila
1657 947 1790 1014 oleariis:

822 1057 872 1122 10.
1009 1055 1154 1122 Viotnmis
1177 1053 1313 1120 Genium
1335 1056 1418 1121 debet
1438 1055 1547 1121 lotoe
1570 1053 1672 1122 liler.“

361 1175 447 1244 Nem
478 1183 516 1243 ut
548 1179 587 1244 de
619 1201 714 1245 versu
747 1179 861 1264 quinto
895 1179 1036 1246 dubitari
1069 1180 1191 1266 possit,
1223 1201 1336 1247 versus
1369 1182 1436 1246 1.2
1465 1202 1532 1246 nan
1562 1185 1701 1264 possunt
1731 1180 1875 1246 eiusdem
1906 1203 1990 1268 esse,
2021 1187 2119 1268 etque

361 1307 474 1352 versus
498 1285 527 1350 3.
545 1286 576 1350 4.
622 1286 711 1363 Quae
743 1287 829 1352 enim
859 1287 964 1372 primo
995 1287 1135 1353 disticho
1167 1286 1253 1352 dicta
1284 1292 1373 1374 sunt,
1401 1287 1541 1353 seeundo
1565 1288 1763 1354 confidenter
1785 1293 1961 1372 negantur:
1990 1289 2122 1354 Valeant

362 1393 549 1458 acerbissimi
572 1395 788 1459 Romonoonm
816 1393 926 1480 tostos,
954 1393 1188 1478 siPompnllns
1216 1415 1283 1460 rom
1310 1394 1429 1475 foetam
1455 1394 1598 1460 habetet
1625 1395 1745 1478 leqetnr.
1770 1433 1811 1442 -
1835 1394 1874 1460 In
1903 1397 1986 1460 mira
2009 1400 2120 1461 eutem

363 1499 433 1564 sbit
455 1499 636 1566 Lemairius
659 1501 693 1566 in
715 1505 795 1567 nats
818 1501 859 1565 sd
883 1524 911 1567 v.
931 1501 961 1568 5.

525 1625 575 1690 12.
599 1625 729 1703 V1‚80:
903 1626 944 1694 Ut
964 1647 1045 1692 novo
1066 1627 1150 1691 dona
1172 1626 1240 1712 oni,
1264 1625 1395 1712 Caesar,
1416 1626 1554 1692 Nilotica
1577 1627 1665 1692 tellns

803 1728 808 1744 '
1001 1733 1136 1799 Miserat
1156 1731 1301 1798 liliatas
1324 1733 1487 1800 annilina
1508 1754 1608 1819 rosas,

896 1839 1016 1906 Navita
1037 1839 1145 1905 derisit
1169 1839 1303 1906 Plaoios
1324 1839 1543 1923 Menrplitian
1565 1841 1681 1927 tons,

1008 1946 1099 2013 Urbis
1120 1952 1157 2012 nt
1177 1947 1308 2012 intravit
1329 1946 1441 2012 limina
1457 1950 1566 2032 prima
1589 1954 1668 2014 tuae.

842 2053 873 2119 5.
897 2053 1016 2119 Tantis
1037 2057 1117 2120 aeris
1139 2053 1234 2120 honos
1256 2059 1285 2118 at
1306 2055 1416 2119 odorae
1434 2056 1541 2138 qratia
1563 2055 1695 2140 Florae,

843 2161 874 2227 6.
1005 2161 1165 2245 Tantaqae
1186 2160 1337 2227 Paestani
1354 2161 1457 2244 qloria
1478 2163 1564 2228 raris
1586 2167 1653 2228 erat

845 2267 875 2332 9.
897 2268 944 2332 At
965 2272 998 2334 tn
1020 2268 1182 2333 Romanae
1204 2267 1394 2333 insoniam
1416 2270 1515 2334 cedere
1537 2269 1677 2353 mamae,

825 2373 874 2440 10.
1003 2375 1095 2440 Mitte
1113 2380 1183 2440 tuos
1205 2395 1326 2458 nnsis,
1349 2375 1462 2462 accipe,
1484 2376 1572 2460 Nile,
1594 2397 1691 2442 rosas.

366 2499 494 2565 Vitiosa
513 2496 774 2564 Schneidewinus
796 2498 833 2563 in
853 2499 931 2565 fine
955 2521 1088 2565 versus
1110 2501 1130 2562 2
1157 2521 1301 2564 comme
1321 2500 1444 2585 posuit,
1466 2485 1582 2566 melins
1602 2501 1701 2566 oeteri
1720 2501 1859 2566 editores
1878 2501 1985 2585 ealon,
2004 2499 2120 2563 nihilo·

368 2607 475 2672 minus
494 2603 670 2691 vituperati
689 2603 887 2671 sGronovio
902 2602 950 2693 (in
964 2606 1130 2672 Addendis
1150 2606 1301 2672 editionis
1317 2604 1588 2693 Sehrevelienne),
1607 2609 1663 2692 qui
1682 2613 1768 2672 reete
1787 2611 1968 2690 punctum
1987 2603 2120 2671 mavult.

367 2713 500 2780 Etenim
522 2717 562 2777 at
584 2709 629 2798 (v.
649 2707 682 2798 1)
711 2732 778 2778 non
807 2713 989 2779 oonianotio
1020 2713 1210 2799 temporalis
1238 2717 1301 2796 est,
1326 2713 1491 2779 sedidem
1515 2718 1613 2799 atque
1643 2715 1765 2800 qnasi,
1795 2719 1989 2795 tamqnam.
2034 2710 2120 2776 Nem

368 2821 497 2886 etiamsi
525 2805 879 2905 plusquamperfectum
908 2824 984 2906 post
1012 2826 1048 2885 nt
1075 2820 1256 2906 temporale
1284 2819 1338 2885 hie
1366 2820 1495 2886 defendi
1524 2826 1649 2906 posset,
1680 2819 1815 2906 illepide
1845 2822 1932 2885 esset
1960 2817 2121 2904 periodus,

369 2950 390 2992 s
418 2925 518 2992 simili
548 2925 770 2991 enuntiatione
799 2926 971 3012 temporali
1001 2948 1087 3012 orsa,
1110 2926 1212 2992 simili
1235 2927 1459 2992 enuntiatione
1481 2927 1656 3014 temporali
1678 2927 1779 2992 finite
1824 2926 1988 3012 Imprimis
2012 2929 2121 2990 sutem

273 3038 276 3044 '
368 3055 463 3100 rasse
489 3032 645 3098 hibernae
673 3055 712 3098 ex
740 3031 893 3119 Aegypto
921 3034 1054 3114 missae,
1087 3033 1173 3120 quod
1201 3055 1252 3099 vv.
1269 3033 1299 3099 5.
1316 3035 1345 3099 6.
1365 3035 1395 3099 9.
1417 3035 1458 3098 10
1489 3037 1639 3120 apparet,
1666 3033 1822 3099 Romanis
1853 3054 1920 3098 nan
1951 3033 2017 3096 ism
2045 3035 2121 3134 sunt

369 3161 449 3208 nova
471 3141 561 3206 dana.

531 3247 582 3314 13.
604 3247 663 3325 VI,
680 3247 737 3309 90:
902 3247 1064 3312 Maeotiam
1088 3246 1191 3313 Gellia
1213 3268 1276 3312 non
1297 3246 1386 3312 habet
1407 3249 1471 3312 nisi
1492 3268 1598 3312 annm.

1010 3354 1112 3438 Tmpo
1133 3359 1193 3419 est:
1222 3353 1277 3419 loc
1298 3356 1412 3439 maqis,
1434 3375 1515 3420 naor
1536 3359 1580 3420 est
1600 3355 1741 3421 domina.
1847 3429 1851 3441 ¹

369 3478 456 3546 Male
479 3479 526 3544 sio
545 3477 822 3563 Schneidewinns,
845 3478 1017 3544 obsecutus
1041 3477 1221 3564 Gronovio,
1244 3479 1432 3564 distinguit:
1457 3479 1550 3564 qnasi
1573 3480 1614 3544 ad
1637 3483 1724 3562 torpe
1745 3483 1789 3542 est
1811 3477 2010 3564 cogitatione
2033 3499 2122 3542 essu-

370 3586 523 3654 mendam
552 3585 597 3650 sit
625 3587 707 3670 qnod
735 3585 838 3652 Gellia
866 3585 1020 3651 menum
1049 3583 1138 3650 labet
1165 3607 1204 3649 so
1231 3607 1298 3651 non
1326 3585 1435 3670 potius
1458 3587 1540 3669 qnod
1560 3585 1716 3650 nooealnm
1739 3584 1843 3651 Gellia
1865 3605 1928 3650 non
1949 3584 2038 3648 labet
2058 3585 2123 3648 nisi

370 3715 477 3760 antem.
521 3691 622 3758 Reote
652 3693 750 3758 oeteri
778 3693 1028 3778 interpungunt:
1058 3697 1144 3774 tropo
1173 3697 1216 3756 est
1244 3691 1299 3758 loa
1327 3695 1444 3776 maqis:
1477 3713 1557 3758 anor
1586 3698 1631 3758 est
1658 3694 1798 3759 dnmnm.
1844 3690 2013 3757 Sententia
2035 3691 2123 3756 enim

371 3801 452 3866 haee
474 3803 537 3866 est:
569 3799 657 3881 Qnod
685 3795 894 3886 Galliaque
922 3820 956 3864 ro
984 3820 1016 3864 se
1043 3801 1185 3864 enonsari
1207 3805 1314 3884 potat,
1337 3799 1491 3864 masolam
1513 3820 1576 3864 non
1597 3799 1686 3864 habet
1706 3802 1771 3865 nisi
1792 3820 1903 3884 annm,
1925 3799 1979 3862 loo
2002 3800 2123 3880 tarpins

372 3913 428 3993 est,
450 3929 545 3990 qnam
566 3908 596 3971 si
619 3907 726 3990 plnres
747 3903 883 3984 laborm
912 3927 989 3986 nam
1017 3926 1087 3971 enm
1116 3907 1176 3971 tole
1204 3907 1391 3971 adnlterinm
1412 3909 1503 3989 qnasi
1524 3907 1656 3972 almnm
1684 3908 1860 3990 oaniaqiam
1887 3907 1941 3990 sit,
1970 3906 2005 3969 in
2033 3905 2124 3984 adpo

373 4019 418 4080 est
438 4013 598 4098 liqamian
1014 4005 1031 4054 ⁶

535 4137 744 4216 14.1x,4o:
907 4136 1057 4220 Tarpeias
1079 4136 1239 4204 Dolores
1260 4139 1304 4202 ad
1324 4159 1451 4206 emanas

905 4243 1040 4308 Ranam
1061 4263 1131 4308 nom
1147 4248 1262 4327 poteret
1283 4244 1390 4310 Plora
1412 4247 1531 4330 roli'ota,

911 4350 1000 4415 Vovit
1014 4371 1075 4434 pro
1097 4351 1281 4427 roditnoiri
1302 4351 1465 4418 Philaenis

906 4457 1031 4524 Merme
1051 4457 1193 4539 fluctibns
1215 4458 1395 4542 obtimisque
1410 4464 1506 4542 ponto

907 4564 962 4629 Ad
981 4569 1082 4630 vanem
1105 4563 1263 4631 Diodorns
1284 4567 1426 4631 enatavit

909 4669 935 4735 0
958 4671 1066 4737 iarden
1087 4673 1183 4737 nimis
1204 4677 1233 4736 et
1247 4673 1338 4756 piper
1360 4671 1511 4738 malitiis!

834 4777 886 4843 10.
907 4777 978 4842 Hoo
999 4778 1034 4842 in
1056 4778 1144 4844 litore
1164 4779 1194 4844 si
1209 4779 1317 4862 pnella
1338 4784 1439 4844 votnm

908 4883 1043 4950 Fecisset
1063 4905 1144 4968 meo,
1163 4887 1308 4967 protinas
1329 4887 1482 4952 rodessnn.

379 5007 433 5076 Sio
455 5030 566 5074 omnes
589 5007 730 5073 editores
754 5030 883 5074 versum
908 5009 949 5073 10
972 5008 1139 5096 exhibent,
1165 5010 1230 5075 nisi
1257 5009 1343 5095 quod
1366 5009 1512 5095 plerique
1534 5008 1588 5074 hoe
1610 5031 1631 5074 a
1654 5008 1741 5074 litore
1762 5008 1940 5074 scribunt.x
1963 5004 2026 5072 Sed
2048 5028 2127 5070 uxor

378 5115 511 5198 (puella)
539 5114 604 5180 nisi
633 5115 668 5180 in
696 5114 793 5180 litore
822 5137 900 5182 sane
929 5109 1102 5202 meritique
1131 5115 1256 5202 patriae
1287 5121 1363 5183 voto
1392 5117 1498 5182 lesere
1527 5116 1659 5181 omnino
1688 5137 1754 5182 non
1783 5118 1900 5202 potest
1946 5113 2018 5180 Hoo
2049 5113 2128 5178 dieit
