4770 5932
1222 331 1243 406 8

1127 438 1162 445 .-.
1173 440 1223 446 —-.
1256 439 1337 446 ..—n-

351 546 465 632 Neque
485 547 570 612 enim
590 545 708 612 idcirco
729 545 976 630 reprehenditur
994 541 1182 628 Scaevinus,
1206 545 1290 629 quod
1312 546 1418 610 aliena
1437 545 1466 608 ei
1486 569 1567 610 uxor
1587 547 1707 632 placet,
1725 546 1829 631 ipsius
1849 571 1931 613 uxor
1954 547 2114 634 displicet,

351 655 386 720 id
409 655 495 740 quod
517 655 584 718 illis
611 653 814 738 temporibus
842 650 928 716 haud
951 651 999 715 ita
1021 673 1131 716 rarum
1154 653 1230 736 fuit,
1254 651 1310 716 sed
1334 651 1420 735 quod
1445 653 1576 717 eadem
1600 651 1655 739 (cf.
1675 676 1724 718 vv.
1746 656 1774 718 1.
1789 653 1837 740 2),
1861 677 1944 739 quae
1968 657 2011 742 ei,
2035 656 2111 722 dum

352 761 455 846 ipsius
483 782 564 826 uxor
596 763 666 825 erat
698 757 775 846 (als
812 759 925 842 eigene
953 756 1096 847 Gattin),
1126 757 1350 844 displicuerat,
1382 781 1467 824 nunc
1499 759 1529 824 ei
1561 760 1683 847 placet,
1714 760 1770 824 ubi
1804 761 1911 827 aliena
1941 762 2030 830 faeta
2062 768 2113 829 est

352 868 469 933 coniux
503 864 578 953 (als
601 867 725 932 fremde
750 863 888 952 Gattin).

515 994 542 1056 7.
565 993 617 1064 Π,
633 993 687 1069 64,
704 993 744 1054 29
758 1009 799 1053 a:
886 988 1002 1056 Credas
1024 991 1150 1056 Alcinoi
1166 993 1238 1074 pios
1261 990 1404 1076 Penates,
1429 989 1576 1078 (domum
1601 992 1698 1058 amici
1721 992 1912 1078 hospitalis)

886 1098 954 1162 Aut
973 1098 1051 1178 sacti
1072 1099 1160 1164 niodo
1184 1100 1288 1168 dicitis
1311 1099 1472 1164 Molorchi.

354 1205 407 1272 Sic
433 1207 468 1271 hi
491 1228 602 1271 versus
634 1206 749 1290 scripti
777 1205 909 1270 suntin
933 1205 1083 1270 omnibns
1108 1205 1304 1270 editionibus
1331 1205 1583 1292 fabulanturque
1607 1208 1801 1291 interpretes
1826 1207 1865 1273 de
1889 1207 2023 1293 sacello,
2047 1230 2111 1293 quo

352 1313 555 1378 Molorchum
580 1336 599 1377 a
621 1311 824 1398 Domitiana,
847 1334 920 1378 cunr
945 1311 1078 1377 Herculi
1102 1312 1214 1377 aedem
1242 1318 1397 1400 sacraret,
1425 1337 1546 1395 nuper
1568 1314 1688 1399 (modo)
1712 1314 1883 1380 ditatum
1907 1337 1991 1380 esse
2014 1323 2112 1401 poeta

353 1421 448 1485 dicat.
502 1417 566 1484 Sed
598 1425 636 1484 ut
668 1420 840 1484 concedam
873 1442 970 1504 posse
1002 1419 1102 1485 verba
1133 1419 1180 1484 ita
1214 1421 1386 1506 explicari,
1419 1422 1491 1507 quia
1523 1421 1586 1486 hoc
1618 1422 1728 1491 credat
1760 1422 1915 1487 sacellum
1948 1427 2111 1486 sacratum

352 1527 532 1593 Molorcho!
578 1526 749 1592 Traditum
779 1531 864 1592 certe
894 1527 932 1591 de
961 1528 1020 1591 tali
1048 1527 1169 1592 sacello
1192 1526 1275 1592 nihil
1300 1533 1364 1612 est,
1388 1528 1549 1614 siquidem
1573 1527 1736 1594 Naekium
1761 1526 1892 1615 (Opusc.
1913 1527 1959 1614 ll,
1984 1530 2045 1592 117
2070 1525 2110 1615 s.)

353 1640 506 1720 putamus
537 1635 711 1719 diligenter
742 1656 824 1719 quae
857 1633 897 1698 ad
926 1633 1129 1699 Molorchum
1162 1634 1326 1720 pertinent
1358 1635 1538 1722 collegisse.
1589 1637 1803 1722 Interpungo:
1836 1637 2003 1721 sutfecit
2025 1639 2111 1701 niodo

259 1745 260 1750 ’
353 1745 469 1825 dicitis,
492 1741 646 1807 Molorchi
664 1746 697 1806 et
715 1745 806 1806 verto
824 1741 935 1826 „eines
955 1739 1155 1826 Molorchus,
1174 1764 1234 1806 nur
1254 1739 1336 1828 (sive
1356 1739 1462 1828 aber)
1483 1742 1570 1808 eines
1589 1743 1677 1808 reich
1696 1741 1942 1826 gewordenen“.
1978 1743 2111 1808 Etenim

352 1849 616 1933 hospitalitatem
639 1847 735 1911 amici
759 1852 856 1932 poeta
880 1870 952 1912 cum
975 1845 1136 1913 Molorchi
1155 1854 1331 1934 comparat.
1369 1847 1432 1914 Sed
1454 1872 1495 1914 ne
1514 1848 1570 1914 ille
1590 1853 1782 1934 paupertate
1806 1871 1933 1934 quoque
1952 1849 2111 1914 Molorchi

354 1956 471 2021 similis
504 1956 666 2039 videatur,
699 1952 790 2034 addit
820 1955 897 2034 fecti
928 1956 1016 2019 modo
1047 1956 1159 2020 diuitis.
1205 1956 1293 2022 niodo
1326 1955 1534 2042 collocatum,
1567 1961 1604 2020 ut
1635 1955 1724 2041 XIV,
1743 1956 1786 2020 30
1819 1955 1996 2042 multisque
2030 1956 2110 2020 loeis

355 2064 493 2128 aliorum
517 2063 722 2146 scriptorum.

465 2215 467 2220 ’
515 2189 544 2253 8.
566 2190 603 2265 V,
620 2190 674 2250 tt:
708 2182 985 2251 Schneidewinus:

941 2291 1001 2358 Oui
1024 2295 1143 2379 tradas,
1166 2295 1265 2379 Inape,
1287 2295 1390 2376 filium
1413 2297 1572 2380 magistra,

816 2447 818 2455 >
941 2401 1071 2482 Quaeris
1092 2401 1241 2466 sollicitus
1263 2401 1319 2466 din
1340 2423 1494 2485 ropasque.

941 2507 1052 2573 Omnes
1071 2510 1348 2592 qrammaticosque
1369 2509 1562 2591 rhetorasque

939 2615 1076 2699 Deuites,
1098 2637 1220 2680 moneo:
1249 2615 1330 2682 nihii
1351 2619 1393 2682 sit
1414 2618 1464 2682 itt-i

886 2723 916 2786 5.
940 2722 1018 2787 Cum
1042 2723 1129 2788 libris
1152 2721 1305 2788 Ciceronis
1328 2730 1384 2788 ant
1406 2725 1560 2789 Maronis.

939 2829 1060 2894 Famae
1085 2831 1237 2895 Tutilium
1259 2852 1333 2895 sace
1354 2833 1519 2913 relinquas.

939 2935 977 3002 Si
999 2957 1102 3002 nunes
1122 2937 1212 3022 facit,
1235 2939 1353 3004 abdices
1371 2945 1510 3020 poetam:

940 3045 1034 3109 Artes
1056 3045 1168 3110 ducem
1189 3045 1255 3110 uuit
1270 3047 1466 3131 pecuniosos,

939 3151 1009 3216 Fac
1030 3153 1129 3216 discat
1150 3151 1341 3218 citharoedus
1362 3159 1418 3218 aut
1439 3153 1603 3220 durantes.

869 3257 918 3324 10.
941 3256 979 3323 Si
1000 3259 1073 3322 duri
1091 3281 1171 3342 puer
1193 3261 1297 3343 inponi
1319 3261 1385 3325 uide
1398 3283 1449 3345 nr,

941 3365 1126 3431 Praeconem
1146 3365 1248 3447 sacius
1270 3367 1315 3431 nei
1339 3367 1543 3434 architectum.

357 3489 467 3556 Ceteri
499 3489 639 3554 editores
669 3512 698 3554 v.
717 3489 747 3554 5.
767 3490 797 3555 6.
817 3489 884 3554 'tt
914 3495 1036 3576 puncta
1065 3495 1203 3576 ponunt,
1230 3491 1295 3555 nisi
1325 3492 1412 3576 quod
1441 3492 1563 3558 Weber
1589 3515 1619 3557 v.
1638 3493 1672 3577 6,
1700 3489 1881 3555 Lemairius
1911 3514 1939 3555 v.
1963 3490 1984 3555 5
2014 3490 2108 3554 colon

355 3597 464 3663 habet.
511 3595 720 3661 Scribeudum
743 3602 807 3662 est:
1971 3601 1972 3606 ’

943 3632 1055 3700 Omnes
1073 3635 1349 3717 grammaticosque
1370 3635 1562 3717 rhetorasque

941 3740 1077 3826 Dentes,
1098 3763 1221 3807 naonco:
1243 3741 1323 3806 nihil
1344 3743 1386 3807 sit
1407 3743 1458 3807 illi

888 3847 918 3912 5.
942 3846 1020 3912 Cum
1043 3849 1131 3914 tibris
1154 3849 1308 3914 Ciceronis
1331 3853 1386 3914 ant
1407 3850 1569 3927 Maronia·

940 3956 1060 4020 Famae
1084 3955 1236 4020 Tutilium
1256 3977 1330 4022 meae
1351 3957 1524 4040 relinquam

942 4061 979 4126 Si
1001 4083 1103 4127 ausus
1124 4062 1213 4148 facit,
1236 4063 1353 4128 abdices
1370 4071 1502 4146 portani.

942 4170 1034 4235 Artes
1056 4171 1168 4234 discere
1189 4169 1256 4234 cuit
1270 4171 1471 4253 pecuniosus:

941 4277 1009 4341 Fac
1031 4277 1129 4341 discat
1149 4275 1340 4342 citharoedus
1361 4284 1418 4342 ant
1439 4277 1610 4354 adornans,-

870 4383 921 4448 10.
942 4383 980 4448 Si
1001 4383 1074 4448 dari
1090 4403 1171 4464 puer
1193 4384 1298 4466 inpeni
1319 4385 1450 4469 uidet-nr,

942 4488 1127 4554 Praeconem
1148 4490 1249 4571 facias
1271 4491 1317 4555 uel
1339 4491 1544 4557 architectum.

359 4615 452 4680 Duae
465 4614 710 4699 epigrammatis
729 4618 806 4679 sunt
823 4619 946 4699 partes:
965 4637 1015 4678 rv.
1030 4615 1115 4679 3-r
1137 4614 1368 4680 dehortatur
1386 4621 1485 4700 poeta
1500 4618 1541 4682 ab
1557 4617 1682 4682 artibus
1702 4617 1825 4682 minus
1846 4615 2108 4701 quaestuosis,

360 4745 409 4788 vv.
429 4724 537 4786 8-11
563 4721 709 4786 invitat
732 4721 777 4785 ad
800 4721 953 4786 lucrosa
977 4721 1063 4786 vitae
1082 4742 1210 4807 genera.
1256 4723 1346 4809 Ergo
1369 4725 1436 4789 nl
1462 4729 1631 4810 punctum,
1654 4747 1704 4790 vv.
1723 4725 1752 4790 5.
1772 4725 1802 4788 6.
1820 4723 1840 4787 9
1860 4743 1925 4787 non
1943 4727 2108 4806 punctum,

352 4809 415 4894 'sed
439 4829 616 4894 semicolon
638 4828 822 4913 ponendum
846 4834 904 4894 est.
950 4827 1039 4905 Quae
1063 4834 1172 4894 autem
1196 4851 1290 4893 versu
1314 4830 1333 4894 8
1358 4829 1544 4897 continetur
1566 4833 1684 4916 thesis,
1711 4853 1776 4895 non
1800 4831 1839 4896 ad
1864 4829 1931 4894 at
1958 4829 2107 4912 pertinet,

360 4936 415 5000 sed
439 4935 479 5000 ad
502 4958 553 5000 vr.
572 4936 702 5020 9-113
725 4935 887 5000 sententia
910 4935 995 5000 enirn
1020 4941 1070 5000 est
1099 4937 1173 5018 craia
1195 4942 1276 5000 artes
1292 4939 1474 5018 pecuniosos
1496 4941 1608 5004 discere
1636 4940 1712 5021 unit,
1741 4940 1799 5020 dat
1826 4943 1891 5002 ant
1919 4935 2108 5000 citharoedus

359 5041 549 5106 cirorauiesm
579 5047 654 5120 aut,
685 5043 714 5107 si
744 5043 817 5107 duri
847 5043 951 5126 inperii
980 5043 1110 5128 uidetur,
1143 5064 1254 5124 praeco
1285 5044 1503 5111 architectusce.
1557 5045 1647 5130 Ergo
1680 5046 1747 5111 v.8
1779 5045 1884 5110 maior
1911 5065 2007 5127 quam
2037 5043 2107 5106 v.9

361 5148 528 5214 distinctio
551 5149 732 5215 necessaria
755 5154 814 5214 est.
1251 5167 1253 5174 ’
