4770 5932
1108 347 1155 420 19

251 555 352 624 libros
371 555 516 625 familiae
537 559 581 626 Ο*
604 559 799 645 depravatos
820 581 890 625 esse
904 559 1115 625 manifestum
1131 564 1194 643 est,
1215 554 1391 622 auctoritas
1406 555 1552 622 familiae
1568 558 1594 621 Α
1612 553 1776 643 praeclare
1792 560 1849 622 aut
1863 555 2015 623 Palatino

252 670 308 731 aut
330 667 463 732 omnino
487 667 613 734 familia
637 668 663 732 B
688 669 906 734 confirmatur.
952 665 1036 743 Quid
1059 664 1164 750 igitur
1187 669 1251 750 est,
1275 665 1360 750 quod
1384 665 1417 728 iu
1442 664 1481 728 iis
1510 663 1774 749 epigrammatis,
1798 687 1881 750 quae
1904 665 2018 750 iniqua

251 778 339 838 sorte
369 774 404 838 in
434 773 527 840 libris
556 775 701 848 familiae
732 775 762 839 Α
787 775 917 858 desunt,
941 771 1128 839 Palatinum
1158 793 1285 856 semper
1315 771 1423 836 miuus
1452 771 1533 837 bene
1557 793 1704 837 servasse
1726 773 1829 837 rerba
1853 771 2016 837 Martialis
2044 827 2055 853 ,

250 884 417 965 putemus,
441 903 537 965 quam
562 882 721 947 familiam
746 881 813 948 0⁸?
860 881 975 967 Itaque
998 880 1052 946 hio
1075 900 1187 945 versus
1210 877 1385 943 nonnullos
1409 881 1587 962 proferam,
1605 879 1639 942 in
1659 877 1778 963 quibus
1803 877 2017 944 Schneide-

251 989 389 1052 winum
423 985 494 1074 (aut
516 985 878 1074 Friedlaenderum)
911 988 1037 1053 minus
1070 990 1174 1051 recte
1208 983 1380 1050 Palatini
1409 985 1600 1050 lectiones
1633 1007 1724 1070 prae
1758 983 1938 1050 familiae
1972 982 2017 1049 Ο·

251 1096 491 1160 auctoritate
515 1097 715 1181 sprevisse
739 1096 836 1162 certis
861 1094 1063 1180 argumentis
1087 1092 1221 1179 probari
1244 1089 1401 1178 possit.¹¹)

411 1221 437 1287 Ι.
459 1221 508 1286 Ac
531 1222 673 1306 primum
693 1222 822 1307 quidem
841 1220 937 1285 facile
955 1216 1161 1303 intellegitur
1178 1239 1254 1283 non
1277 1239 1452 1303 magnam
1476 1239 1560 1282 esse
1583 1217 1760 1282 familiae
1780 1216 1826 1283 Ο·
1845 1217 2024 1290 aucteri·‚

251 1330 385 1412 tatem,
408 1328 473 1393 ubi
497 1332 634 1394 contra
658 1351 737 1394 eam
766 1327 942 1396 familiae
966 1325 996 1391 A
1020 1331 1053 1390 et
1076 1323 1104 1388 B
1128 1325 1362 1410 conspirent.
1407 1323 1455 1390 Ut
1473 1322 1574 1411 igitur
1593 1324 1737 1390 codicum
1757 1324 1787 1389 R
1806 1329 1839 1390 et
1858 1323 1884 1388 P
1902 1325 2015 1390 lectio-

250 1457 324 1498 nem
348 1435 471 1509 1‚1a,6
501 1451 616 1518 (mero
645 1458 704 1520 pro
734 1435 842 1512 eodo)
871 1435 952 1499 bene
981 1432 1147 1498 revocavit
1176 1431 1288 1517 Feci,
1318 1432 1367 1495 ita
1397 1430 1437 1495 ab
1474 1431 1535 1516 eis,
1570 1453 1651 1516 quae
1682 1436 1715 1498 et
1743 1431 1777 1496 in
1806 1430 1834 1495 Τ
1862 1435 1895 1496 et
1924 1431 1958 1496 in
1989 1430 2016 1496 P

251 1545 393 1627 exstant,
417 1564 482 1608 non
505 1549 625 1609 temere
650 1547 700 1608 est
724 1542 965 1608 discedendum:

414 1671 440 1732 1.
464 1670 510 1744 X,
531 1668 580 1745 26,
596 1669 630 1729 7:
657 1669 717 1734 Sed
734 1670 828 1732 (latur
845 1673 965 1732 aeterno
984 1666 1137 1730 moturum
1155 1664 1292 1728 corniine
1310 1683 1452 1729 muniis.
1487 1661 1540 1728 Sic
1559 1661 1756 1728 Schneidew.
1777 1684 1849 1728 eum
1868 1663 1944 1730 iam.
1960 1661 2014 1730 0⁸.

253 1771 357 1838 Multo
381 1775 564 1862 elegantius
587 1795 728 1859 nomen,
752 1774 837 1859 quod
862 1772 984 1838 habent
1001 1770 1093 1848 TPQ
1117 1775 1151 1836 et
1173 1771 1295 1856 recepit
1320 1767 1553 1856 Seriverius12).

411 1901 442 1966 2.
463 1904 525 1978 ΙΙΙ,
542 1904 591 1982 68,
609 1903 655 1964 12:
680 1901 772 1985 tepea
791 1900 865 1964 fam.
885 1897 939 1982 0²,
962 1896 1235 1963 Schneidewinus.
1256 1896 1349 1978 lepis
1367 1893 1483 1959 melius
1503 1893 1610 1979 TPQ,
1629 1893 1818 1960 Scriverius.
1861 1892 2013 1960 Ceterum

251 2005 289 2072 cf.
309 2028 383 2093 pag.
402 2009 455 2074 24.

412 2133 441 2197 3.
464 2129 635 2210 ΙΧ,35,4;
674 2133 925 2214 libenipenam
955 2151 1101 2194 iinmerm
1123 2127 1391 2210 Sarmolr'eamqne
1420 2149 1558 2192 manum.
1609 2125 1662 2192 Sic
1693 2125 1955 2193 Schneidewiuus
1978 2127 2013 2192 in

252 2238 356 2302 altera
378 2239 528 2305 editione.
573 2241 613 2306 In
636 2241 742 2324 priore
766 2243 853 2304 recte
876 2261 949 2303 eum
969 2236 1127 2303 Seriverio
1151 2235 1342 2300 exhibuerat
1366 2233 1596 2320 Rhenanam,
1621 2235 1707 2320 quod
1727 2238 1760 2300 et
1778 2235 1811 2299 in
1830 2233 1858 2298 Τ
1877 2240 1910 2300 et
1929 2235 1963 2298 in
1984 2232 2010 2297 P

251 2350 308 2410 est.
355 2345 491 2413 XAOG
513 2348 635 2413 habent
659 2347 778 2411 Rheni
800 2367 946 2410 munitm
969 2349 1083 2428 aperto
1107 2342 1203 2426 vitio,
1227 2342 1312 2427 quod
1336 2348 1443 2406 ortum
1469 2342 1598 2407 videtur
1618 2341 1724 2407 verbis
1744 2339 2011 2424 Samnntienmqne

251 2473 405 2519 monum.
452 2453 547 2520 Solus
572 2454 687 2519 codex
712 2455 994 2538 Excerptorum
1017 2449 1219 2514 Parisinus
1244 2445 1319 2535 (Ν),
1343 2470 1439 2532 quem
1460 2445 1657 2514 Schneidew.
1676 2448 1747 2533 ipse
1770 2444 1833 2532 (ed.
1849 2448 1890 2513 11.
1904 2473 1934 2534 p.
1950 2445 2011 2532 Vl)

249 2560 355 2627 redire
385 2561 465 2626 dicit
494 2562 535 2626 ad
558 2561 679 2626 librum
707 2560 852 2626 familiae
876 2557 921 2624 Ο*
944 2579 1008 2623 non
1033 2556 1192 2641 optimum
1217 2556 1373 2640 aliquem,
1397 2577 1594 2640 quamquam
1618 2576 1864 2638 nonnumquam
1887 2577 1959 2620 eum
1984 2555 2011 2620 Τ

250 2667 413 2732 consentit
447 2667 526 2753 (uon
556 2669 652 2734 modo
683 2667 742 2754 XI,
758 2670 814 2751 84,
830 2664 879 2754 1),
909 2664 1044 2750 praebet
1074 2663 1320 2745 Rhenipernm
1357 2660 1489 2747 (calami
1519 2662 1615 2746 lapsu
1646 2684 1704 2746 pro
1728 2659 2010 2749 Rhenipenam),

252 2796 334 2858 quas
357 2775 454 2841 lectio
478 2776 547 2841 sine
573 2776 670 2841 dubio
694 2799 783 2842 mera
807 2781 990 2840 correctura
1013 2773 1082 2836 eius
1106 2769 1178 2834 vitii
1203 2775 1266 2854 est,
1289 2767 1375 2853 quod
1403 2769 1503 2834 ceteri
1530 2767 1675 2833 familiae
1700 2767 1745 2832 0⁸
1769 2767 1844 2833 libri
1870 2775 2011 2834 servant.

411 2901 643 2981 4.1v.1s,1a:
682 2902 784 2967 Poeta
809 2899 968 2964 Gallicam
989 2895 1210 2962 endromidem
1231 2894 1334 2959 amico
1355 2893 1504 2958 mittens:
1532 2891 1598 2957 Nec
1619 2893 1663 2957 sie
1685 2893 1720 2956 in
1740 2893 1838 2976 Tyriis
1856 2894 2011 2959 sindone

252 3006 349 3070 enlins
366 3009 436 3072 eris,
480 3009 600 3072 enticis
615 3031 652 3072 ex
667 3009 741 3073 iam.
762 3005 806 3074 Ο*
825 3006 947 3090 recepit
963 3001 1238 3086 Schneidewinus,
1252 3000 1302 3066 oui
1318 3022 1469 3065 assensus
1486 3004 1536 3065 est
1553 2997 1780 3064 Triedlaender
1799 2997 1912 3086 (Acsd.
1932 3000 2010 3066 Alb.

252 3111 331 3197 Reg.
350 3115 433 3179 1879
448 3111 523 3200 ΙΙΙ).
556 3113 632 3180 Non
651 3120 750 3199 recte3
779 3136 854 3178 nam
876 3134 949 3177 cum
968 3109 1131 3177 endromis
1152 3107 1196 3172 sit
1213 3108 1366 3172 sordida
1383 3109 1437 3172 sed
1450 3107 1549 3190 yelido
1563 3128 1626 3171 non
1639 3107 1836 3188 emanando
1849 3105 2010 3172 Decembri

252 3218 295 3303 (v.
315 3218 365 3306 3),
389 3222 443 3306 qui
467 3244 505 3286 eu
524 3223 641 3306 utitur,
664 3243 729 3286 non
753 3226 803 3286 est
822 3221 922 3303 mopic
944 3219 1065 3283 cultris
1084 3214 1118 3301 (i.
1138 3237 1163 3280 e.
1183 3210 1332 3300 ornatus)
1352 3235 1450 3297 quam
1469 3213 1568 3298 Tyria
1587 3217 1686 3278 veste.
1732 3211 1866 3278 Codices
1885 3212 1913 3277 T
1932 3218 1964 3280 et
1982 3213 2008 3278 P

252 3348 371 3412 eosque
400 3333 529 3394 secutus
561 3327 738 3394 Scriverius
768 3329 890 3393 habent
923 3331 1024 3390 listris
1055 3325 1124 3388 eris.
1170 3321 1346 3387 Praeclare.
1393 3319 1480 3384 Nem
1510 3319 1697 3385 endromide
1728 3321 1865 3385 amictus
1897 3321 2009 3386 ridebis

251 3439 354 3498 nentes
382 3435 436 3500 tce
465 3456 589 3500 mnnme
611 3441 702 3501 tertiis
725 3441 753 3500 et
774 3436 883 3500 imbres
908 3431 949 3518 (r.
971 3429 1040 3517 11),
1064 3452 1163 3514 eaque
1189 3433 1331 3511 cavetur,
1362 3447 1400 3492 ne
1422 3429 1562 3512 madidos
1585 3429 1678 3491 iniret
1694 3427 1880 3509 penetrabile
1905 3429 2008 3510 j'ripns

252 3541 286 3604 in
308 3547 409 3626 arins,
433 3540 515 3606 Neve
534 3545 638 3626 praeis
660 3542 762 3607 auditu
785 3544 951 3624 tepremut
973 3538 1039 3603 Iris
1061 3557 1143 3619 oqrm
1168 3532 1281 3621 (vall.
1302 3532 1367 3618 10).

411 3666 486 3752 Ipse
509 3667 728 3732 Friedlnender·
751 3661 921 3750 duobus¹³l
946 3668 1114 3749 practerea
1137 3661 1216 3725 locis
1240 3682 1260 3724 a
1283 3659 1376 3724 libris
1398 3657 1425 3720 T
1450 3664 1482 3724 st
1506 3657 1531 3722 P
1554 3657 1720 3723 discessit:

412 3792 441 3857 5.
464 3791 522 3868 111,
541 3792 705 3863 44.14n.:
734 3792 780 3856 De
795 3790 964 3876 Ligurino,
984 3787 1039 3872 qui
1055 3807 1166 3851 omnes
1182 3784 1330 3849 omnibus
1345 3783 1425 3848 locis
1440 3783 1637 3848 carminibus
1652 3781 1826 3848 recitandis
1842 3783 2006 3849 exturbet:

251 3899 305 3962 An
326 3919 431 3962 cenum
448 3921 596 3984 propero:
627 3905 705 3964 lenes
728 3903 855 3962 euntem.
900 3895 1204 3960 remansisse:
1232 3893 1324 3972 stipas·
1347 3891 1534 3956 sedentem.
1581 3889 1698 3955 Lassus
1720 3890 1854 3954 dormio:
1876 3891 2006 3956 suscitas

412 4113 455 4180 11)
475 4110 576 4165 Paucis
600 4109 670 4165 locis
697 4106 976 4164 Schneidewinus
1002 4105 1111 4158 minus
1136 4105 1229 4157 recte
1256 4101 1450 4156 Palatinum
1473 4101 1612 4155 secutus
1637 4103 1700 4154 est:
1735 4101 1773 4172 V,
1785 4102 1866 4172 ΒΜ
1892 4099 2006 4170 scripsit

251 4205 275 4253 et
300 4201 392 4269 precis
410 4201 440 4254 in
458 4201 550 4256 Siculo
565 4201 676 4270 pulvere
695 4208 790 4254 inens
809 4198 905 4268 Erym
923 4194 1023 4250 melius
1047 4197 1145 4262 fusiss
1163 4191 1229 4246 libri
1249 4190 1373 4244 familiae
1392 4189 1429 4242 C·
1455 4191 1485 4244 et
1510 4187 1677 4254 Scriverius3
1705 4205 1770 4242 nam
1795 4186 2004 4254 luctatione.

251 4305 307 4342 non
334 4287 508 4358 pugillatu
533 4289 650 4358 Erycem
669 4287 802 4343 Hercules
822 4285 940 4352 devicit3
961 4285 995 4338 ci.
1011 4284 1128 4338 Pausan.
1145 4281 1289 4348 111‚1e‚4.
1331 4278 1743 4349 Apollodor.2‚5,10,10.-
1767 4277 1861 4350 vm,
1877 4279 1932 4350 80,
1948 4281 2003 4332 3s.

250 4377 323 4431 male
341 4377 513 4432 Schneidew.
534 4377 574 4448 qiu
589 4377 655 4433 edit.
673 4378 709 4447 ΙΙ)
733 4380 762 4430 et
780 4374 933 4430 Seriverius
953 4391 1016 4428 cum
1037 4371 1069 4425 P:
1094 4389 1153 4426 enm
1176 4378 1273 4425 ¹veteres
1291 4369 1391 4424 Latiae
1413 4370 1484 4422 ritus
1505 4373 1672 4423 reisorarnnr
1689 4368 1806 4420 harenae
1825 4367 1864 4420 Et
1878 4373 2005 4436 paynel

250 4469 337 4522 cirins
350 4469 514 4538 simpliciore
532 4486 632 4534 marim
650 4483 714 4521 nam
739 4483 772 4519 ex
791 4462 945 4517 indicativo
964 4469 1130 4516 renoventur
1148 4461 1266 4530 apparet
1285 4461 1334 4512 aut
1355 4475 1419 4512 oum
1438 4455 1556 4510 Grutsro
1581 4463 1613 4510 nt
1631 4462 1736 4526 pnqnet
1760 4458 1820 4521 aut,
1841 4455 2004 4523 quisXAG

252 4564 275 4610 et
289 4575 385 4628 pnpna
404 4566 428 4612 ei
447 4559 564 4624 habent,
584 4563 608 4612 ei
622 4563 731 4627 propinat
750 4571 811 4609 esse
834 4551 1018 4607 scribendum.
1032 4583 1063 4591 -
1080 4549 1229 4604 Praeterea
1248 4545 1476 4603 Schneidewinus
1494 4545 1647 4616 1x‚‘19,s
1667 4547 1741 4614 (oum
1756 4543 1794 4613 N)
1808 4547 1837 4598 et
1850 4545 1908 4617 x1,
1919 4546 2003 4617 22‚8

252 4649 348 4701 contra
362 4647 385 4700 T
401 4650 430 4701 et
443 4648 508 4702 ium.
524 4645 575 4713 0²,
593 4648 641 4718 11,
657 4647 743 4718 54‚5
767 4646 865 4698 contra
884 4642 948 4696 fem.
965 4639 1003 4694 C·
1027 4657 1060 4694 ex
1079 4639 1101 4692 P
1120 4646 1167 4694 est
1186 4637 1316 4708 copulam
1334 4633 1458 4702 addidit,
1478 4651 1540 4688 cum
1560 4631 1654 4704 aptius
1672 4631 1755 4688 absit.

200 4743 205 4748 “
411 4741 454 4806 12)
474 4735 612 4801 Quoniam
629 4734 793 4804 plerumque
813 4731 868 4786 iam
889 4728 1042 4785 Scriverius
1060 4745 1155 4784 rerum
1176 4727 1302 4798 scripsit,
1321 4726 1350 4780 in
1369 4722 1580 4794 insequentibus
1596 4738 1763 4792 unoquoque
1783 4721 1817 4777 de
1837 4721 1912 4790 loco,
1933 4739 2003 4791 quae

249 4825 324 4880 illius
344 4825 430 4882 lectio
450 4827 499 4892 sit,
519 4823 750 4880 commemorabo.

410 4919 453 4984 13)
472 4917 533 4984 IV,
549 4918 596 4987 31,
608 4915 642 4988 5,
661 4912 710 4970 ubi
729 4927 843 4967 auerso
861 4911 953 4978 fonte
971 4924 1028 4962 non
1048 4908 1131 4961 modo
1150 4905 1288 4976 praebent
1305 4902 1429 4959 familiae
1445 4903 1468 4956 Α
1483 4906 1512 4956 et
1526 4901 1548 4956 B
1563 4901 1649 4970 (ΤΡ),
1665 4901 1713 4956 sed
1729 4899 1815 4955 etiam
1830 4918 1899 4954 unus
1914 4900 2002 4971 ipsius

249 5003 373 5059 familiae
392 5005 430 5060 C·
450 5004 508 5074 (G),
535 5005 717 5072 archetypum
742 5004 836 5056 sutem
862 4997 986 5054 familiae
1006 4995 1043 5050 C·
1064 4999 1139 5066 (nam
1158 4993 1198 5048 ric
1217 4993 1270 5046 ΧΑ
1289 4996 1318 5047 st
1336 5010 1376 5062 pr.
1392 4991 1425 5056 Β)
1450 5007 1566 5044 auerso
1590 4992 1704 5058 fronte
1729 4989 1830 5044 habuit
1847 4988 2002 5044 masculino

250 5093 387 5163 originem
412 5093 494 5148 huius
520 5091 650 5147 lectionis
675 5090 810 5161 prodens,
838 5089 1034 5143 Friedleender
1059 5085 1088 5138 in
1114 5079 1501 5150 Acad.Alb.ng.187811
1528 5095 1590 5134 curn
1616 5079 1677 5134 solo
1704 5077 1724 5132 C
1750 5095 1866 5134 aversa
1892 5080 2003 5146 fronte

248 5183 400 5254 legendum
423 5181 582 5254 proposuit,
605 5181 654 5235 sed
674 5178 748 5249 ipss,
772 5178 802 5231 ni
821 5177 917 5245 fallor,
938 5175 1106 5232 sententiam
1125 5173 1195 5228 bene
1215 5171 1335 5225 mutavit
1354 5170 1384 5223 in
1403 5167 1556 5238 „Bursians
1574 5166 1801 5224 Jshresberichte
1819 5167 1888 5222 liber
1908 5171 2004 5223 1881“.

1752 5273 1788 5328 3⁸
