4770 5932
1123 296 1171 367 25

263 511 407 572 sanent:
437 505 515 570 milri
535 527 640 590 parua
667 505 764 570 neon
786 504 913 590 Sufficit
939 506 974 570 in
996 510 1113 570 vetros
1134 525 1223 588 saepe
1245 505 1345 570 redire
1366 505 1508 590 manae),
1530 505 1587 572 ubi
1610 506 1716 570 multo
1740 505 1847 570 minus
1871 505 1923 570 vel
1946 505 2029 571 nihil

265 614 453 679 offensionis
476 613 590 697 habet,
614 635 686 678 cum
710 611 752 696 R,
775 611 883 678 codice
907 612 1077 696 aliquanto
1102 612 1249 698 meliore,
1272 616 1306 676 et
1329 635 1401 678 cum
1426 611 1455 677 G
1478 612 1618 677 seribere
1641 613 1758 678 noluit.

426 757 457 820 4.
479 755 540 828 VI,
555 755 610 817 46:
631 755 780 838 -Vapnlat
800 757 923 821 assiam
945 756 1042 818 amati
1063 756 1217 837 qnadripa
1238 755 1373 839 stapello,
1396 753 1462 820 Nec
1482 757 1596 820 orarit:
1623 775 1772 837 ntapnom
1789 775 1866 840 rem,
1892 755 2030 841 Cottone,

264 864 372 944 focis,
419 862 474 928 Sic
497 864 583 928 male
613 885 671 948 pro
699 863 796 943 facit
825 861 851 926 'l'
882 866 916 926 et
946 859 1219 928 Schneidewinus.
1265 861 1366 946 Nam,
1390 864 1562 946 quominus
1587 863 1735 945 aurigam
1761 884 1830 927 esse
1856 862 2028 928 (tatianum

266 976 432 1056 putemus,
455 969 649 1056 praecedens
672 971 790 1034 veneti
808 969 958 1055 impedit,
977 972 1011 1032 et
1030 969 1162 1048 omnino
1181 969 1220 1034 de
1240 969 1364 1054 aurigis
1384 969 1519 1054 loquens
1538 968 1700 1034 Martialis
1719 992 1785 1034 non
1804 972 1879 1036 ficto
1898 971 2029 1036 nomine

266 1078 383 1161 utitur,
406 1077 462 1143 sed
487 1098 565 1142 vero
588 1082 646 1142 aut
669 1077 813 1141 colorum
838 1075 984 1162 (venena,
997 1078 1150 1159 prosterne
1172 1077 1248 1161 etc.)
1273 1081 1330 1141 aut
1352 1075 1498 1162 ipsorum
1523 1075 1719 1161 aurigarum.

427 1217 636 1292 5.11,aa,3:
673 1221 742 1284 Hoc
762 1221 888 1301 farinas
909 1219 1040 1303 Lotape,
1062 1219 1181 1302 merlo
1203 1219 1298 1300 qnod
1318 1219 1448 1304 videat,
1471 1219 1539 1283 alta
1556 1225 1607 1284 cst.
1654 1217 1807 1304 qnod'P,
1831 1218 2030 1286 Schneidew.

267 1331 299 1393 in
330 1329 435 1392 altera
467 1326 545 1392 edit.
597 1325 791 1412 Elegantius
822 1333 873 1392 est
902 1347 978 1408 qno.
1032 1324 1115 1390 Nam
1147 1325 1277 1411 speculo
1309 1347 1409 1391 aeneo
1439 1325 1564 1392 facinus
1595 1348 1659 1390 non
1692 1326 1786 1390 modo
1810 1327 1949 1413 viderat,
1972 1328 2029 1394 sed

266 1435 366 1500 etiam
392 1435 462 1500 ulta
481 1440 532 1500 est
555 1433 707 1520 ancillam
732 1456 771 1498 eo
794 1439 1014 1518 prosternens.

428 1579 458 1642 6.
481 1577 519 1651 V,
535 1576 628 1651 67,4;
658 1577 703 1641 Et
714 1576 884 1660 profnpom
901 1577 1035 1641 relatores
1053 1577 1207 1659 diripuere
1224 1595 1337 1640 snorn.
1369 1595 1473 1640 snam
1489 1573 1563 1658 ΤΝ,
1577 1574 1850 1641 Schneidewinus.
1884 1563 2030 1662 praestat

266 1706 354 1748 snae
372 1685 584 1768 (hirundinem
597 1685 766 1767 profnponr
784 1686 882 1766 ipsias
900 1685 998 1748 sociae
1015 1684 1201 1766 alaman,-
1220 1705 1296 1747 nam
1315 1683 1462 1768 volueres,
1481 1683 1544 1748 nisi
1558 1704 1633 1748 strae
1647 1683 1791 1765 additur,
1810 1685 1954 1749 ieiunum
1971 1692 2029 1749 est.

429 1829 457 1892 7.
481 1827 518 1897 V,
540 1827 639 1902 60,8:
677 1828 781 1908 focas
813 1827 845 1892 iu
880 1829 942 1892 fine
974 1849 1087 1893 versus
1121 1848 1179 1912 pro
1212 1847 1317 1890 cocos
1349 1825 1389 1910 T,
1423 1823 1619 1892 Schneidew.
1680 1827 1827 1912 Apparet
1859 1827 2029 1892 librarium

267 1934 387 1999 codicis
410 1933 437 1996 Τ
462 1933 503 1997 ad
526 1934 650 1999 exitum
674 1955 787 1998 versus
810 1935 833 1998 4
856 1934 1032 1998 aberrasse.

428 2077 458 2140 8.
481 2076 578 2152 XIII,
593 2077 647 2137 It:
676 2075 715 2140 Si
737 2077 869 2160 Inbycac
897 2077 985 2141 nobie
1014 2077 1204 2182 oolncrcscl
1235 2075 1386 2142 Phon‘des
1414 2081 1522 2160 essent,
1553 2077 1725 2159 dropace,
1754 2081 1793 2140 tn
1819 2099 1902 2141 nnnc
1928 2078 2031 2160 accipe

267 2182 379 2248 chortis
392 2204 470 2248 ores.
495 2187 545 2264 tn,
560 2183 647 2268 quod
661 2206 727 2248 non
742 2188 854 2269 aptum
869 2184 1006 2269 videtur,
1020 2183 1047 2248 Τ
1063 2189 1096 2248 et
1110 2182 1308 2248 Schneidew.
1333 2183 1420 2247 Bene
1435 2184 1534 2247 ceteri
1549 2183 1624 2248 libri
1638 2187 1672 2248 et
1682 2182 1874 2248 Seriverius:
1888 2189 1927 2248 at
1939 2205 2029 2249 nnnc.

429 2327 460 2391 9.
482 2325 566 2402 XIV,
581 2325 650 2386 138:
682 2326 840 2391 Lacernae
869 2321 1143 2406 Baetae-‚Non
1175 2331 1220 2390 est
1244 2326 1319 2390 lana
1348 2325 1426 2390 mila
1454 2327 1602 2410 candax,
1629 2345 1683 2389 nec
1704 2329 1807 2390 mator
1829 2324 1943 2389 aleno:
1973 2328 2031 2390 stc
2066 2309 2080 2330 ⁸

264 2434 408 2516 placeant
434 2433 560 2517 Tyrcae:
584 2453 630 2496 me
649 2453 717 2497 mea
741 2435 835 2498 tinxit
857 2435 928 2497 oris.
973 2435 1031 2498 stc
1048 2435 1190 2515 placeant
1214 2433 1341 2516 Tyriae,
1360 2433 1444 2518 quod
1465 2455 1537 2496 cum
1556 2431 1582 2496 'I'
1602 2431 1865 2498 Schneidewinus
1889 2432 2032 2518 scripsit,

268 2541 349 2605 nihil
376 2540 465 2604 aliud
489 2543 600 2624 potest
623 2540 807 2624 significare
830 2539 894 2604 nisi
911 2541 1057 2622 placeant
1078 2559 1153 2604 sane
1179 2541 1291 2623 Tyriae
1312 2561 1500 2622 peonnam
1523 2539 1620 2604 altem
1639 2545 1776 2604 mutatae
1797 2545 1878 2604 sant.
1924 2539 2030 2605 Multo

269 2651 416 2732 praestat
437 2649 473 2711 sl
489 2647 636 2728 placeant
661 2647 789 2730 Tyriae,
819 2647 983 2712 sententia
1006 2653 1113 2712 autem
1137 2647 1217 2712 haec
1240 2651 1304 2712 est:
1335 2646 1372 2711 Si
1393 2648 1506 2730 Tyriae
1527 2644 1663 2730 (propter
1682 2647 1868 2728 pulcriorem
1887 2648 2031 2726 colorem)

269 2757 370 2836 napis
387 2755 545 2837 placeant,
568 2773 620 2835 epo
642 2773 678 2816 eo
701 2759 803 2818 tamen
826 2773 859 2817 re
881 2756 1084 2838 commender,
1108 2756 1189 2835 qnocl
1210 2755 1291 2819 color
1313 2773 1397 2818 ncces
1419 2755 1544 2817 nottncs
1566 2759 1618 2818 eet.

433 2897 483 2961 10.
507 2895 617 2966 V1.⁸=
650 2895 853 2961 Praecones
875 2898 948 2981 dno,
971 2902 1114 2978 quattuor
1134 2898 1263 2980 trellanl,
1286 2895 1406 2978 Septem
1429 2895 1589 2980 manat,
1612 2897 1709 2960 decena
1727 2899 1836 2977 poetae
1859 2896 2030 2962 Cuiusdam

270 3003 358 3068 modo
387 3004 513 3086 nuptias
536 3003 678 3084 petebant
710 3005 739 3067 A
769 3005 901 3085 quodam
930 3023 1006 3068 sene.
1061 3004 1134 3068 Non
1164 3009 1303 3068 moratus
1332 3004 1384 3067 llle
1413 3002 1597 3068 Praeconi
1626 3003 1709 3067 dedit
1737 3001 1858 3083 Eulepa
1882 3003 2030 3084 puellam.

269 3109 344 3192 Dic,
374 3109 527 3190 nnnrqnid
552 3108 651 3194 fatae,
682 3109 798 3193 Serere,
828 3111 922 3190 fecit?
967 3133 996 3175 v.
1026 3113 1039 3174 1
1073 3131 1275 3192 praecones
1305 3132 1362 3194 pro
1388 3116 1581 3192 praetores
1611 3131 1683 3173 eum
1711 3107 1739 3171 Τ
1767 3107 2030 3175 Schneidewinus

268 3215 322 3302 (ef.
347 3217 444 3282 etiam
476 3215 705 3281 Friedlaender
735 3215 1030 3302 Sittengesehichte
1057 3215 1100 3301 1⁶,
1121 3216 1209 3302 278).
1264 3217 1337 3282 Mea
1366 3217 1496 3303 quidem
1530 3215 1692 3282 sententia
1722 3221 1755 3280 et
1783 3215 2030 3301 epigrammatis

268 3346 401 3389 acumen
435 3324 468 3388 in
498 3322 705 3408 aprosdocesi
735 3324 874 3408 quadam
899 3325 1041 3409 positum
1073 3323 1278 3410 infringitur,
1306 3325 1333 3389 si
1364 3325 1428 3388 iam
1459 3329 1523 3390 v.l
1552 3340 1718 3406 praecones·
1742 3323 1876 3407 legitur,
1900 3327 1934 3388 et
1957 3323 2030 3388 ideo

263 3451 441 3514 praecones,
464 3451 529 3494 non
552 3437 710 3511 praetores
738 3431 835 3496 lectio
864 3431 963 3495 errori
988 3431 1114 3494 librarii
1139 3430 1311 3496 tribuenda
1334 3436 1401 3516 est,
1424 3431 1509 3516 quod
1534 3453 1571 3495 ex
1597 3451 1691 3495 versu
1716 3431 1736 3494 ὅ
1759 3431 1934 3512 (praeconi)
1957 3437 2031 3496 orta

269 3558 340 3601 esse
363 3536 505 3600 varietas
529 3535 666 3635 videtur.
711 3572 718 3577 -
1323 3555 1328 3564 ·

431 3663 480 3726 11.
503 3660 565 3734 IX,
581 3661 630 3734 68,
644 3661 677 3723 6:
709 3664 907 3728 t'anslclc'co
934 3663 1092 3726 medinm
1120 3683 1187 3726 cnon
1210 3662 1298 3743 faber
1315 3666 1403 3744 aptot
1420 3683 1549 3744 eqnnnt
1572 3659 1652 3726 'let
1671 3658 1868 3727 Schneidew.
1914 3661 2032 3728 Melius

270 3773 320 3831 est
352 3767 588 3832 Causidicum
619 3770 735 3833 medlo
763 3791 832 3834 enne
860 3769 948 3850 sober
977 3774 1064 3852 aptat
1092 3791 1187 3850 caeco.
1243 3769 1327 3834 Nam
1360 3793 1380 3833 a
1410 3773 1593 3834 statuarum
1625 3768 1803 3836 artificibus
1833 3791 1899 3833 non
1930 3791 2031 3855 equus

268 3873 385 3957 equiti,
409 3874 465 3938 sed
489 3895 587 3957 eques
613 3897 695 3959 equo
719 3881 859 3960 aptatur.
907 3873 1057 3942 Ceterum
1078 3876 1110 3939 in
1130 3876 1228 3940 miras
1248 3898 1300 3939 res
1320 3877 1450 3941 aberrat
1468 3877 1610 3940 Koestlin
1631 3873 1678 3960 (in
1702 3873 1815 3940 Philol.
1831 3876 1888 3960 36,
1903 3901 1931 3962 p.
1943 3877 2032 3962 273).

434 4017 483 4081 12.
506 4017 680 4093 x1‚ar‚o:
719 4017 855 4082 Mittas
877 4017 1044 4100 implicitas
1067 4017 1165 4082 Alcon
1189 4025 1268 4082 scoot
1290 4019 1479 4082 enterocelas,
1531 4019 1666 4082 lllltins
1693 4015 1810 4101 rost
1834 4015 2031 4082 Schneidaw.

270 4145 327 4206 pro
358 4125 504 4188 mitior..
541 4123 604 4190 Sed
634 4124 830 4189 adjectivum
862 4129 977 4209 poetae
1009 4123 1209 4210 praeferunt,
1232 4125 1358 4189 librarii
1383 4131 1491 4190 autem
1516 4146 1759 4208 nonnumquam
1784 4125 1818 4187 in
1843 4123 2030 4189 adverbium

269 4235 478 4296 mutaverunt
506 4228 559 4316 (ut
577 4231 746 4316 111,38,3
770 4231 803 4294 in
827 4228 876 4315 Ρ).

429 4372 546 4438 Tribus
581 4374 659 4438 locis
691 4372 952 4439 Schneidewinus
983 4381 1116 4459 propter
1140 4373 1285 4439 Thoanei
1319 4373 1401 4438 vitia
1432 4373 1540 4458 potius
1569 4372 1784 4458 coniecturas,
1808 4396 1905 4458 quam
1929 4375 2030 4440 bonas

269 4485 450 4546 ceterorum
475 4481 621 4546 codicum
645 4480 802 4546 lectiones
827 4481 962 4565 recepit:
998 4466 1007 4489 ⁸

432 4606 481 4670 13.
503 4605 581 4682 xn,
604 4605 648 4672 81.
664 4606 696 4666 8:
727 4605 806 4670 Hos
832 4605 983 4670 Marcello
1013 4605 1113 4670 tores
1140 4627 1297 4688 pan-aque
1319 4627 1415 4688 repno
1438 4607 1528 4670 dedit.
1574 4605 1627 4672 Sic
1651 4603 1902 4671 Schneidewin
1926 4609 2031 4674 altera

269 4712 413 4777 editione
437 4735 474 4776 ex
498 4711 627 4776 Heinsii
650 4711 835 4777 coniectura
858 4734 916 4796 pro
939 4713 1021 4776 Hos
1045 4713 1197 4778 Marcella
1218 4715 1341 4777 danaos
1365 4712 1497 4797 scripsit
1520 4712 1616 4798 idque
1640 4735 1678 4775 ea
1701 4711 1740 4777 de
1764 4735 1875 4798 causa,
1898 4714 2031 4798 qnodT

269 4819 335 4883 llas
353 4819 506 4883 Marcella
529 4821 640 4901 dapes
658 4818 802 4884 exhibet:
831 4820 924 4903 quasi
945 4819 1041 4884 lectio
1060 4821 1153 4902 dapes·
1171 4818 1300 4884 facilius
1320 4841 1357 4883 ex
1379 4820 1471 4904 lares,
1491 4842 1589 4904 quam
1609 4841 1647 4884 ex
1666 4821 1770 4884 danaos
1787 4821 1857 4884 fieri
1877 4823 2030 4904 potuerit.

269 4923 383 5010 Neque
406 4929 516 4990 tamen
542 4925 636 5009 origo
657 4925 726 4990 vitii
746 4923 893 4989 'Phuenei
913 4925 1050 4989 obscura
1070 4933 1132 5008 est,
1158 4947 1234 4989 nam
1255 4926 1335 5007 olus,
1354 4928 1508 5010 anpnilla,
1533 4929 1628 4990 larris
1649 4925 2030 5014 ooes(i.e.colu1nbae),

269 5054 352 5116 quae
377 5033 485 5096 omnia
510 5031 605 5097 modo
630 5029 694 5116 (vv.
715 5027 826 5118 3-6)
850 5033 1117 5096 commemoravit
1140 5031 1317 5117 Martialis,
1348 5033 1485 5097 salivam
1510 5033 1635 5098 librarii
1659 5038 1840 5117 moverunt,
1864 5039 1902 5098 ut
1926 5035 2030 5120 magis

269 5137 308 5202 de
332 5139 431 5204 lautis
456 5140 561 5225 epulis
586 5145 700 5224 poetae
724 5139 892 5225 apparatis
917 5160 1013 5223 quam
1038 5139 1197 5204 dedomo
1222 5140 1251 5202 ei
1276 5139 1396 5204 donata
1420 5141 1587 5223 cogitaret.

1801 5266 1817 5316 ⁴
