4770 5932
1231 335 1287 420 24,

375 547 470 632 XIII,
487 545 596 630 100¹⁷)
620 550 694 612 dens
716 547 910 630 Erythraeus
933 547 1041 632 ipsum
1066 547 1276 631 elephantum
1306 545 1482 632 signifieat,
1512 545 1675 611 sententia
1701 546 1948 632 epigrammatis
1972 544 2051 610 haec
2074 547 2138 609 est:

375 653 458 720 Eine
482 639 657 721 illllasche:
695 655 788 740 „Ver
818 655 947 719 kurzern
980 653 1063 718 noch
1095 659 1171 741 trug
1201 653 1286 718 mich
1319 676 1360 745 an
1394 653 1451 718 der
1480 650 1569 717 Stirn
1600 652 1653 718 ein
1681 651 1780 738 Rind3
1816 653 1898 718 doch
1929 652 1972 716 du
2001 651 2138 716 hieltest

375 761 461 825 mich
491 761 543 826 fiir
567 761 852 827 Rhinoceroshorn
885 758 967 848 (scil.
994 759 1131 826 seitdem
1165 760 1207 825 du
1236 760 1335 846 mich,
1359 760 1410 825 die
1434 759 1585 845 Flasche,
1609 760 1715 846 sahst,
1738 761 1788 825 bis
1816 761 1914 845 jetzt,
1938 781 1987 825 wo
2011 758 2063 823 ich
2087 758 2137 822 dir

375 889 466 953 sege,
498 867 571 933 dass
605 869 657 934 ich
680 869 867 934 Rindshorn
898 866 995 953 bin).“
1041 868 1144 954 Ergo,
1168 890 1364 952 quamquam
1394 867 1499 932 multo
1523 868 1628 952 magis
1652 867 1773 932 arridet
1790 869 1944 952 putabis
1967 866 2137 952 (compara

374 996 441 1038 non
463 980 532 1040 tam
556 975 649 1058 XIII,
667 977 775 1060 124,1
802 997 898 1061 quam
922 975 1010 1060 XIV,
1027 976 1117 1060 lea
1140 974 1345 1058 maximeque
1364 975 1458 1060 XIII,
1473 975 1529 1056 58,
1544 973 1593 1060 2),
1611 978 1721 1039 tamen
1740 973 1918 1040 electione
1938 972 2135 1038 familiarum

377 1083 402 1144 A
430 1086 463 1146 et
488 1081 542 1166 θ’,
566 1105 637 1147 eum
663 1083 819 1167 explicari
843 1082 961 1168 possit,
984 1083 1148 1148 discedere
1172 1082 1282 1146 nolim.

535 1208 566 1272 3.
587 1207 760 1279 x1v,140:
796 1207 915 1273 Udones
942 1207 1060 1272 Cilicii:
1087 1205 1161 1271 Non
1188 1207 1243 1271 bos
1273 1207 1349 1271 leno
1377 1207 1471 1290 dedit,
1500 1207 1553 1272 sed
1579 1206 1686 1272 eteritis
1709 1207 1805 1271 barba
1827 1208 1953 1272 mariti:
1984 1204 2135 1289 Oinypbie

368 1319 518 1396 poterat
533 1315 647 1397 planto
671 1316 763 1379 lutere
785 1317 866 1380 siue.
906 1319 1059 1398 poterat
1086 1313 1112 1378 T
1136 1313 1211 1378 fam.
1232 1311 1286 1397 0⁵,
1311 1311 1582 1378 Schneidewinus.
1603 1315 1745 1396 peterit
1767 1313 1801 1398 P,
1826 1311 2013 1379 Seriverius.
2056 1309 2134 1376 Sen-

375 1422 478 1486 tentia
503 1443 613 1487 versus
633 1423 653 1485 2
672 1422 752 1487 haee
776 1427 840 1507 est,
863 1422 891 1486 si
908 1427 1032 1504 poterat
1050 1421 1216 1486 scribitur:
1237 1422 1347 1502 placete
1369 1419 1449 1484 hirei
1469 1417 1615 1504 Cinyphii
1637 1423 1673 1483 in
1693 1421 1788 1486 turbu
1810 1419 1876 1486 eius
1895 1421 1988 1485 latere
2003 1423 2133 1503 poteret.

376 1526 433 1593 Sin
446 1531 559 1612 poter-it
578 1529 773 1614 praefertur,
796 1528 888 1592 haee:
905 1529 1116 1612 plectacius,
1139 1530 1193 1610 qui
1210 1528 1263 1592 lios
1281 1528 1395 1591 ildonea
1413 1529 1571 1611 acceperit,
1594 1529 1628 1590 in
1652 1529 1748 1592 barba
1770 1529 1848 1592 hirei
1872 1524 2019 1612 Cinyphii
2043 1527 2135 1590 lutere

369 1637 495 1718 poterit,
520 1636 606 1721 quod
631 1639 752 1720 quanto
777 1640 934 1720 praestet,
957 1635 1054 1701 facile
1078 1641 1222 1720 apparet.
1269 1634 1416 1718 Accedit,
1439 1634 1525 1718 quod
1549 1633 1681 1719 plantae
1700 1636 1842 1700 solorum
1862 1635 2045 1718 hominum,
2068 1656 2133 1698 non

374 1743 546 1827 pecudum,
577 1751 733 1827 quantum
764 1764 825 1829 ego
856 1745 934 1829 scio,
965 1746 1266 1808 commemorantur.
1312 1741 1403 1826 Ergo
1433 1741 1527 1806 valde
1557 1740 1685 1826 dubito,
1707 1765 1784 1806 num
1813 1743 1911 1808 lectio
1936 1741 2132 1808 familiarum

376 1848 406 1912 A
429 1852 463 1913 et
487 1847 532 1913 0⁸
555 1849 686 1934 probari
710 1850 822 1934 possit.

535 2009 755 2075 Thuaneum
788 2007 854 2096 (Τ)
886 2007 1218 2075 Schneidewinum
1253 2008 1379 2094 pluris
1409 2007 1566 2092 fecisse,
1595 2031 1705 2093 quam
1730 2008 1869 2092 dignus
1894 2013 1966 2092 est,
1989 2007 2133 2072 ostendit

375 2117 597 2181 Friedleendcr
625 2113 677 2202 (de
705 2118 813 2182 codice
837 2117 998 2181 Martialis
1027 2116 1068 2202 T,
1091 2117 1190 2181 Acad.
1210 2117 1283 2180 Alb.
1302 2115 1428 2202 ltegim.
1451 2115 1535 2180 1879
1557 2115 1629 2202 ΙΙΙ).
1674 2115 1737 2180 Est
1767 2115 1852 2180 enim
1876 2114 1960 2180 liber
1983 2115 2132 2202 egregius

376 2224 582 2308 optimusque
602 2229 677 2308 post
696 2224 724 2288 lt
743 2229 776 2288 et
795 2223 826 2287 H
847 2229 880 2288 et
899 2223 1011 2288 multis
1031 2223 1111 2289 locis
1131 2223 1220 2288 solus
1241 2222 1324 2306 quod
1345 2222 1476 2306 scripsit
1490 2219 1651 2288 Martialis
1667 2223 1823 2306 servavit,
1843 2222 1898 2286 sed
1918 2227 1951 2287 et
1969 2221 2132 2287 erroribus

375 2330 501 2394 librarii
525 2335 630 2395 scatet
653 2334 686 2395 et
709 2353 748 2396 ne
767 2330 1073 2416 interpolationibus
1094 2329 1223 2414 quidem
1243 2351 1374 2413 prorsus
1395 2328 1477 2393 liber
1495 2333 1554 2394 est.
1592 2327 1855 2394 Schneidewinus
1875 2334 1984 2394 autem
2002 2333 2132 2395 tentum

376 2437 405 2501 ei
434 2437 565 2521 tribuit,
595 2442 632 2501 ut
662 2441 774 2502 eontra
804 2438 1158 2502 omnium'eeterorum
1191 2437 1337 2501 codicum
1369 2435 1463 2500 fidem
1495 2436 1555 2500 vel
1587 2436 1804 2501 deteriores
1836 2435 1993 2501 lectiones
2025 2459 2062 2500 ex
2094 2459 2131 2500 eo

375 2543 541 2628 reciperet.
585 2544 793 2608 Enumerabo
816 2566 901 2608 nune
920 2567 974 2610 eos
995 2544 1097 2628 locos,
1116 2543 1233 2627 quibus
1253 2543 1330 2627 quin
1354 2543 1451 2607 male
1475 2539 1793 2608 Schneidewinus
1820 2541 2041 2607 Thuaneum
2065 2540 2129 2627 (T)

375 2650 704 2716 dissentientibus
728 2651 869 2715 ceteris
894 2650 1007 2717 libris
1029 2655 1187 2717 secutus
1211 2651 1278 2734 sit,
1300 2671 1365 2714 non
1389 2648 1522 2714 dubium
1546 2672 1616 2715 esse
1640 2650 1721 2714 mihi
1744 2649 1900 2714 videatur.

537 2778 565 2840 1.
587 2780 646 2847 IX.
667 2779 715 2854 33,
731 2779 765 2840 2:
796 2775 984 2841 Metrouis
1002 2775 1038 2861 Τ,
1060 2775 1336 2858 Schneidewinus3
1362 2774 1417 2839 sed
1439 2773 1567 2839 dativus
1584 2774 1721 2859 pluralis
1745 2778 1879 2859 propter
1898 2779 2039 2870 metrum
2060 2795 2129 2840 esse

375 2904 441 2946 non
464 2885 588 2967 potest,
610 2882 719 2946 Matre
742 2885 850 2948 autem
871 2904 987 2947 nomen
1008 2882 1087 2948 alibi
1107 2881 1192 2968 apud
1211 2881 1395 2947 Martialem
1414 2903 1480 2946 non
1498 2881 1628 2968 legitur.
1673 2881 1866 2946 Mathonis
1889 2904 1927 2946 ex
1946 2882 2131 2947 coniectura

375 3010 488 3074 margo
503 2987 655 3074 Gryphii,
676 2987 868 3074 Scriverius,
888 2989 1067 3054 Guttmann
1084 2988 1243 3075 (observv.
1259 3013 1289 3074 p.
1307 2988 1374 3074 47).
1410 2987 1500 3054 Libri
1520 2988 1671 3054 meliores
1690 2993 1823 3072 excepto
1843 2987 1997 3053 Thuaneo
2018 3008 2128 3052 omnes

375 3096 497 3162 habent
527 3101 584 3160 aut
613 3096 802 3161 Marionis
832 3095 881 3181 (P,
904 3095 982 3161 fam.
1002 3094 1060 3183 θ’)
1091 3102 1148 3162 aut
1178 3097 1353 3162 Maronis
1382 3091 1485 3182 (DQ).
1532 3093 1741 3161 Scribendum
1771 3099 1821 3160 est
1851 3096 2035 3178 Maronia,
2065 3115 2128 3178 quo

375 3203 505 3268 nomine
528 3203 605 3267 ficto
628 3206 726 3286 poeta
749 3201 855 3267 utitur
877 3203 934 3288 IV,
949 3204 1000 3268 80.
1045 3203 1105 3288 XI,
1120 3205 1171 3268 34.
1187 3204 1239 3267 67.
1284 3202 1362 3287 XIl,
1377 3203 1429 3268 90.
1459 3200 1543 3267 Nam
1568 3204 1715 3267 morionis
1739 3206 1877 3266 metrum
1901 3201 2035 3286 respuit.

535 3329 565 3392 2.
588 3327 652 3404 ΙΙΙ,
669 3328 718 3402 68,
730 3328 810 3388 nat
847 3327 885 3392 Si
913 3328 984 3392 bene
1014 3333 1041 3392 te
1068 3330 1153 3404 noui,
1184 3328 1307 3409 lengum
1337 3329 1401 3391 iem
1432 3329 1515 3392 lassa
1544 3328 1678 3392 libellum
1701 3327 1851 3408 Peteliae,
1879 3331 2021 3391 tantam
2048 3347 2131 3393 nane

374 3437 512 3500 studiosa
536 3436 609 3518 lepis
631 3433 720 3519 (lepis
742 3432 846 3519 TPQ3
871 3435 908 3499 cf.
926 3455 1001 3520 pag.
1027 3432 1090 3520 19).
1141 3441 1284 3500 tantum
1311 3434 1352 3519 Τ,
1375 3433 1581 3515 Schneidew,
1605 3440 1641 3498 ut
1658 3433 1791 3517 illepide
1814 3433 1848 3497 id
1870 3434 2020 3516 iteretur,
2044 3433 2129 3518 quod

375 3544 442 3608 iam
470 3544 594 3625 longum
624 3541 782 3607 adieetivo
813 3540 895 3607 satis
926 3540 1143 3626 significatum
1175 3546 1233 3607 est.
1280 3539 1436 3627 totum¹⁸)
1467 3541 1595 3606 videtur
1618 3561 1719 3625 paene
1741 3529 1973 3604 necessarium:
1995 3561 2072 3603 nam
2095 3539 2127 3604 id

376 3649 545 3714 dicendum
569 3651 633 3733 est,
651 3670 774 3732 usque
799 3647 843 3713 ad
867 3648 985 3714 finem
1009 3649 1159 3735 perlegi
1182 3648 1341 3715 libellum.

535 3775 564 3837 3.
587 3772 680 3844 vm.
702 3773 750 3844 56,
765 3773 797 3834 6:
821 3771 918 3837 Sunt
939 3775 1142 3858 Maecenates
1167 3796 1229 3838 noa
1252 3775 1387 3858 deerant,
1411 3775 1538 3857 Flocee,
1561 3772 1718 3836 Maronea
1763 3771 1908 3836 Pessime
1932 3769 2128 3835 Schneider.

375 3903 448 3945 cum
471 3880 498 3944 'I
521 3885 554 3945 et
578 3903 623 3965 pr.
644 3879 670 3943 Β
694 3901 754 3962 pro
783 3882 860 3944 siat
889 3880 1102 3946 indicativum
1127 3880 1289 3965 exhibuit,
1319 3903 1414 3966 quem
1445 3886 1555 3944 tamen
1585 3878 1631 3943 IX
1655 3877 1754 3964 praef.
1777 3879 1795 3942 I
1825 3877 1981 3960 (Maiores
2004 3879 2127 3942 maiora

537 4095 580 4162 17)
598 4093 694 4163 xm,
704 4093 766 4144 100
787 4093 816 4144 et
832 4093 929 4165 xm,
941 4094 983 4145 98
998 4109 1061 4146 cum
1075 4091 1243 4161 interpretes
1258 4091 1330 4145 male
1344 4093 1480 4156 tractent,
1492 4088 1692 4144 Friedlaender
1707 4090 1801 4142 autem
1811 4086 2080 4158 (Sittengeschichte
2091 4088 2127 4158 ΙΙ)

374 4198 430 4236 non
457 4184 590 4251 exponat,
617 4179 714 4250 paucis
738 4178 785 4233 hie
809 4180 965 4250 explicabo.
1000 4183 1098 4254 xm,
1113 4182 1170 4235 98:
1197 4180 1318 4235 Dorcas:
1347 4179 1486 4234 Delicium
1500 4195 1588 4248 pareo
1606 4179 1722 4232 donabis
1739 4178 1859 4232 dorcada
1877 4183 1957 4232 neto:
1984 4177 2128 4231 iactatis

375 4273 439 4326 solet
463 4272 535 4325 eane
559 4271 689 4324 mittere
714 4270 795 4323 turba
821 4273 913 4340 topia.
958 4273 1145 4344 xm,100:
1174 4269 1295 4339 Ortuper:
1321 4267 1438 4323 Pulcher
1456 4269 1531 4322 adest
1550 4285 1664 4338 orrayer:
1696 4267 1786 4322 mitti
1810 4268 1917 4321 venetio
1935 4267 2010 4321 debet
2028 4265 2128 4320 Dentis

374 4359 537 4430 Erythraei:
557 4359 613 4412 iem
631 4365 788 4413 removete
806 4360 909 4413 sinas.
952 4361 1081 4414 mittere
1104 4358 1151 4413 hIe
1170 4357 1312 4428 signifieat
1334 4376 1366 4412 er
1390 4375 1476 4411 arcae
1499 4358 1632 4411 dimittere
1650 4353 1862 4425 (begnedigen);
1882 4373 1947 4408 narn
1966 4353 2127 4408 missionem

374 4449 458 4503 turba
482 4447 658 4518 postulabat,
685 4449 716 4500 ut
740 4445 942 4516 gladiatorum,
968 4448 1010 4503 ita
1035 4451 1064 4503 et
1089 4448 1241 4502 dorcadum
1267 4449 1296 4501 et
1318 4445 1545 4516 elephantorum,
1571 4445 1619 4513 qui
1641 4462 1698 4499 non
1717 4461 1801 4515 saepe
1820 4444 1904 4500 morti
1924 4441 2030 4513 obiecti
2049 4445 2126 4507 sunt;

375 4537 409 4592 de
429 4535 587 4608 elephantis
607 4535 673 4592 vide
687 4535 885 4591 Friedlaender
900 4535 1155 4608 Sittengeschichte
1166 4536 1191 4589 ΙΙ
1199 4537 1217 4604 ⁵,
1233 4543 1291 4591 490.
1331 4535 1384 4589 Pro
1399 4534 1509 4606 mappis
1524 4537 1630 4601 autem,
1647 4533 1749 4603 quibus
1763 4533 1876 4588 iactatis
1890 4531 1986 4586 mirato
2001 4530 2125 4601 postula·

375 4626 472 4694 batur,
492 4625 538 4679 hic
557 4627 809 4681 commemorantur
827 4632 923 4696 togae
941 4625 1120 4696 (eaedemque
1135 4625 1295 4696 significant
1313 4621 1427 4692 silius).
1457 4623 1604 4679 Sententia
1617 4622 1706 4693 igitur
1720 4625 1774 4677 est:
1794 4621 1874 4688 XIII,
1886 4627 1932 4688 98,
1943 4627 1972 4674 2:
1992 4620 2128 4688 „Kommt

375 4715 436 4770 eine
456 4715 569 4770 (lacella
597 4714 627 4768 in
654 4714 700 4770 die
719 4713 823 4781 Arena,
853 4731 883 4768 so
912 4715 999 4784 pflegt
1027 4715 1078 4768 das
1097 4713 1171 4768 Vollr
1195 4713 1254 4767 ihre
1274 4713 1426 4784 Schonung
1451 4712 1540 4767 durch
1559 4711 1707 4767 Schtitteln
1726 4711 1777 4766 der
1794 4711 1873 4780 Toga
1891 4727 1924 4763 au
1943 4709 2126 4780 verlangen¹‘.

374 4804 452 4872 XIII,
468 4811 536 4858 100:
572 4803 648 4870 „liin
667 4802 805 4858 Wildesel
823 4803 932 4857 lromrnt
950 4803 979 4858 in
1001 4803 1046 4858 die
1061 4805 1164 4868 Arena3
1185 4820 1240 4856 nun
1259 4819 1347 4855 musa
1367 4801 1413 4855 die
1427 4799 1502 4872 Jagd
1522 4801 1573 4856 anf
1591 4801 1645 4856 den
1659 4801 1807 4856 Elefanten
1828 4802 1988 4870 ansgeeetat
2002 4799 2126 4864 werden3

374 4892 434 4948 alae
459 4892 580 4947 braueht
604 4891 649 4946 ihr
673 4892 753 4948 nicht
776 4891 857 4948 mehr
882 4909 915 4946 au
942 4893 1098 4959 schemen,
1129 4910 1176 4946 nm
1206 4891 1282 4946 seina
1310 4891 1515 4961 Begnadigrmg
1545 4909 1577 4944 zu
1603 4891 1748 4959 erlangen,
1775 4888 1832 4942 nnd
1858 4887 1948 4943 lrbnnt
1974 4887 2020 4942 die
2047 4887 2127 4958 Toga

374 4983 479 5039 wieder
497 4981 749 5037 aurdclrnehmen.“

536 5075 579 5142 18)
598 5071 654 5125 Ubi
679 5069 708 5124 in
733 5070 786 5124 hae
810 5069 901 5125 libelli
928 5070 983 5125 mei
1009 5073 1089 5142 parte
1115 5069 1252 5125 lectiones
1276 5068 1491 5125 commemoravi
1509 5085 1599 5138 neque
1618 5065 1763 5123 codicibus
1782 5083 1872 5136 neque
1891 5063 2077 5131 editionibus,
2096 5063 2126 5118 in

375 5161 476 5230 quibus
494 5161 637 5230 leguntur,
657 5159 821 5228 nominatis,
841 5161 870 5214 et
889 5159 1008 5214 Scriveri
1027 5163 1139 5215 suntet
1158 5158 1280 5212 omniurn
1299 5158 1447 5214 meliorum
1466 5157 1594 5214 codicum
1614 5150 1731 5228 exceptis
1751 5156 1885 5210 Thuaneo
1905 5154 1958 5224 (Τ).
