4770 5932
1239 393 1261 466 2

372 621 522 702 utuntur,
544 618 720 708 postquam
742 610 822 695 ipsis
842 607 980 696 pecunia
998 611 1048 672 est
1066 605 1152 672 data
1191 603 1371 670 Coniciam:
1393 605 1475 686 puis
1492 605 1579 667 sanet
1595 603 1713 684 raptos,
1731 598 1780 664 aa
1797 595 1888 682 milri,
1907 595 2010 681 Galle,
2032 593 2132 662 dies?

373 721 568 808 Saepissime
587 720 734 807 queritur
751 721 850 803 poeta
869 717 938 781 totis
955 715 1068 779 seruire
1085 713 1190 778 diebus
1209 714 1339 776 coactus
1359 710 1398 775 de
1417 709 1531 774 diebus
1550 709 1672 772 frustra
1691 705 1806 792 lapsis,
1833 704 1950 790 quibus
1970 703 2131 789 epigram-

373 834 463 896 mata
492 849 684 914 componere
714 823 870 910 potuerit:
905 821 944 888 of.
963 820 1026 908 XI,
1040 822 1091 886 24.
1127 819 1230 904 Χ,70
1253 813 1528 904 (1411111).
1564 815 1609 902 X,
1623 815 1679 899 58,
1695 815 1725 879 7.
1761 813 1813 879 Ita
1836 813 1889 878 hic
1917 811 1996 877 dicit
2023 809 2134 875 omnia

318 979 319 982 =
374 937 441 1002 fere
465 958 560 1021 posse
584 933 726 999 medicos
750 931 936 1015 restituere,
960 928 1028 993 dies
1052 932 1166 1013 ruptos
1190 923 1474 1012 (totgeschlagene
1497 919 1601 1010 Tage)
1624 919 1756 986 restitui
1779 941 1845 984 non
1867 939 1973 1005 posse.

535 1061 577 1132 X,
599 1061 653 1121 78:
962 1052 1031 1118 Ibis
1054 1052 1189 1135 litoreas,
1213 1051 1334 1134 Macer,
1358 1049 1507 1133 Satanae,

961 1159 1027 1224 Ibit
1047 1179 1125 1223 rara
1146 1159 1222 1240 fidas
1244 1177 1390 1239 amorpaa
1412 1157 1486 1220 recti

961 1267 1007 1331 Et
1028 1286 1129 1331 secam
1151 1265 1290 1329 comitem
1314 1263 1412 1328 hahet
1428 1263 1589 1345 pudorem,

961 1372 1086 1455 Semper
1103 1373 1274 1455 pauperior
1296 1372 1376 1435 redit
1392 1374 1538 1453 potestas.

377 1508 407 1574 A
426 1501 674 1571 Friedlaendero
705 1500 845 1584 probata
868 1501 919 1562 est
942 1497 1126 1564 coniectura
1148 1495 1312 1560 Koestlini
1337 1493 1386 1581 (in
1409 1495 1583 1579 Philologo
1609 1493 1692 1558 1877
1716 1516 1748 1577 p.
1767 1491 1858 1574 276):
1890 1511 2034 1572 amorque
2054 1491 2136 1554 reati.

377 1615 419 1680 Si
431 1633 531 1679 secam
545 1632 568 1676 c.
582 1607 682 1674 trabi
687 1614 699 1672 t
706 1609 867 1691 padorera,
879 1626 996 1689 semper
1005 1609 1056 1670 eto.
1079 1601 1282 1668 Sententiam
1293 1606 1327 1668 et
1336 1602 1629 1688 interpunctionem
1642 1599 1774 1685 egregie
1783 1598 1929 1664 restitnit
1938 1597 2138 1682 Koestlinus,

377 1743 441 1786 non
455 1721 536 1784 item
550 1716 657 1782 verba.
690 1713 777 1779 Nam
796 1735 869 1806 cunr
887 1711 1057 1776 Palatinus
1076 1710 1210 1775 habeat:
1229 1731 1308 1792 qaae
1325 1731 1393 1774 cam
1408 1707 1465 1796 (an
1479 1715 1597 1792 atquae
1610 1705 1718 1793 aam?)
1736 1728 1761 1772 c.
1776 1707 1859 1771 maht
1870 1729 1913 1790 p,
1933 1704 2138 1771 scribendum

378 1832 443 1894 est:
476 1826 575 1907 Quae
597 1843 696 1888 secam
719 1843 743 1886 c.
768 1819 864 1884 trahit
879 1842 913 1902 p.

538 1929 613 2001 vn,
627 1930 681 2000 74,
696 1928 716 1989 9
729 1945 757 1989 a:
794 1926 897 1992 Poeta
920 1947 1034 1990 causas
1058 1924 1167 2008 affert,
1189 1946 1247 1988 cur
1270 1921 1377 2010 Carpo
1400 1923 1567 2008 sophistae
1589 1923 1786 1988 Mercurium
1809 1921 1890 1987 velit
1911 1919 2032 1986 favere:

851 2051 916 2117 Hic
931 2052 1008 2136 pias
1030 2051 1157 2114 antistes
1179 2049 1302 2132 sophiae
1324 2069 1382 2114 saa
1403 2049 1486 2114 doma
1508 2049 1679 2133 mim'strat,

967 2155 1032 2222 Hic
1055 2161 1082 2220 tc
1105 2161 1172 2221 tare
1189 2161 1286 2241 meat,
1309 2155 1391 2236 fidas
1413 2161 1442 2221 at
1463 2158 1526 2239 ipse
1548 2155 1627 2221 Iovi.

382 2291 553 2357 Postrema
575 2287 674 2352 verba
697 2285 898 2370 significant,
920 2286 957 2346 ut
979 2281 1160 2347 Mercurius
1184 2281 1254 2346 Iovi
1279 2281 1413 2347 caelesti
1436 2279 1518 2346 lidus
1543 2281 1600 2367 sit,
1622 2281 1672 2346 ita
1691 2278 1833 2365 Carpum
1852 2278 1954 2344 fidum
1974 2301 2045 2344 esse
2068 2277 2140 2344 Iovi

384 2396 582 2463 Domitiano.
619 2391 682 2458 Sed
701 2392 735 2456 in
754 2413 832 2456 roae
850 2411 909 2457 sara
927 2387 970 2476 (v.
981 2385 1018 2474 11)
1036 2388 1168 2453 haereo:
1190 2410 1266 2453 nam
1286 2392 1320 2452 et
1338 2388 1512 2453 obscurum
1531 2393 1582 2453 est
1603 2409 1663 2455 stra
1679 2389 1762 2452 doma
1776 2391 1809 2454 et
1824 2387 1995 2472 oportebat
2009 2391 2139 2471 poetam

383 2505 437 2569 hic
466 2501 577 2567 omnia
605 2500 647 2565 ad
676 2498 870 2564 Mercurium
900 2495 1034 2581 referre,
1064 2495 1154 2579 cujus
1184 2495 1308 2560 tutelae
1333 2493 1458 2580 Carpus
1482 2495 1736 2562 commendatur.
1781 2493 1932 2559 Praestat
1961 2498 2047 2559 certe
2077 2499 2141 2557 tao

385 2613 480 2676 dona:
512 2606 665 2673 Mercurii
695 2606 782 2671 enim
813 2605 933 2668 donum
957 2607 1007 2667 est
1030 2601 1146 2686 sophia
1169 2602 1305 2686 ideoque
1329 2601 1488 2668 Mercurio
1512 2601 1624 2668 tuendi
1648 2606 1725 2666 sunt
1746 2601 1793 2685 pii
1816 2600 1951 2686 sophiae
1974 2601 2140 2665 antistites

286 2737 292 2756 ‘
387 2721 423 2782 ut
442 2716 504 2782 viri
522 2713 741 2780 Mercuriales.
777 2710 929 2778 Ceterum
948 2730 1064 2774 moneo
1082 2708 1131 2772 hic
1149 2709 1329 2774 subiectum
1345 2731 1429 2795 esse,
1447 2710 1547 2775 rerba
1558 2707 1911 2794 piasamistessophrac
1924 2707 2141 2792 praedicative

387 2823 551 2910 apposita:
582 2820 632 2885 hia
654 2841 723 2885 cam
739 2821 815 2902 pias
837 2817 960 2900 sophiae
983 2817 1109 2882 antistas
1131 2817 1185 2902 sit,
1208 2821 1261 2882 tao
1283 2817 1365 2882 dama
1387 2823 1460 2883 saar
1480 2838 1558 2900 perae
1579 2817 1747 2888 1111111111.

547 2946 611 3024 XI,
628 2945 684 3006 80:
971 2941 1063 3006 Iritas
1085 2941 1188 3006 beatae
1216 2939 1342 3007 Veneris
1363 2963 1493 3006 auream
1516 2941 1631 3026 Baias,

975 3045 1079 3112 Baias
1101 3049 1246 3130 superbae
1268 3048 1384 3114 blanda
1406 3049 1488 3114 dorm
1509 3054 1653 3127 naturae,

981 3153 1021 3220 Ut
1043 3155 1126 3220 mitte
1149 3155 1284 3240 madan,
1306 3154 1431 3241 Flacca,
1454 3155 1589 3220 versibus
1610 3156 1723 3240 Baias,

975 3261 1125 3327 Lorrdabo
1148 3264 1238 3346 dipae
1260 3284 1323 3326 aaa
1345 3265 1423 3328 satis
1445 3268 1547 3328 tomen
1570 3263 1682 3328 Baias.

923 3369 953 3434 5.
976 3368 1039 3434 Sed
1059 3369 1242 3434 Martialem
1264 3369 1360 3454 maio,
1382 3366 1507 3455 Flacca,
1529 3391 1623 3453 qaam
1645 3370 1758 3435 Baias.

979 3475 1092 3560 Optare
1114 3482 1276 3560 atramque
1292 3478 1426 3560 pariter,
1450 3477 1582 3560 improbi
1603 3483 1706 3542 votrrm
1728 3482 1779 3542 est.

980 3583 1117 3664 Quodsi
1139 3585 1263 3649 deorum
1286 3605 1410 3648 mamere
1431 3583 1485 3649 hoc
1508 3585 1577 3649 tibi
1597 3585 1697 3666 datar,

979 3690 1061 3771 Quid
1079 3693 1267 3774 pacatiorem
1288 3695 1333 3756 est
1353 3690 1518 3756 Martialis
1540 3697 1568 3756 ct
1590 3692 1702 3756 Baiae.

395 3821 464 3886 tibi
492 3814 590 3906 (1.7)
614 3817 790 3902 pessimum
815 3819 880 3882 est:
909 3837 986 3880 narn
1008 3836 1073 3880 non
1097 3813 1248 3880 Flaccum
1279 3815 1433 3901 gaudere,
1461 3817 1489 3880 si
1513 3815 1576 3881 sibi
1603 3822 1636 3881 et
1658 3815 1820 3882 Martialis
1843 3821 1877 3882 et
1900 3817 1999 3902 Bajae
2022 3817 2147 3904 dentur,

396 3926 453 3993 aad
476 3929 607 4011 poetam
630 3924 752 4008 ipsum,
775 3921 879 3988 conici
907 3925 1018 4006 potest
1041 3944 1080 3987 er
1110 3944 1206 3988 versu
1235 3922 1478 4007 5(Martialem
1507 3923 1627 4009 malo).
1679 3922 1726 3989 Ut
1753 3925 1903 3990 omittam
1933 3925 2146 4007 interpretum

396 4031 551 4118 ineptias,
580 4029 636 4116 qui
658 4027 775 4094 Flacco
799 4028 933 4094 deorum
962 4050 1094 4094 munere
1124 4029 1194 4094 dari
1223 4050 1319 4114 posse
1342 4034 1472 4116 putant,
1501 4034 1626 4095 utnon
1647 4030 1744 4096 modo
1767 4036 1865 4116 poeta
1887 4030 1945 4116 sit,
1967 4029 2023 4094 sed
2047 4030 2147 4094 etiam

397 4139 573 4223 Martialis,
601 4136 764 4202 sententia
792 4135 1037 4222 epigrammatis
1064 4135 1145 4203 haec
1173 4143 1235 4202 est:
1268 4136 1366 4203 Baias
1394 4134 1553 4202 aI'lacco
1575 4136 1733 4202 invitatus
1756 4138 1878 4203 urbane
1907 4159 1944 4202 eo
1968 4137 2090 4201 iturum
2114 4159 2148 4202 se

399 4269 470 4312 esse
493 4250 591 4331 poeta
611 4247 726 4328 negat,
753 4243 817 4308 nisi
841 4239 1036 4327 Martialem,
1059 4265 1125 4309 non
1147 4244 1298 4309 clientem
1323 4265 1408 4329 esse,
1434 4243 1542 4309 idest
1569 4244 1632 4309 sibi
1660 4245 1918 4330 carminibusque
1946 4244 2014 4309 suis
2041 4243 2149 4310 virere

398 4353 468 4420 illic
496 4351 608 4436 liceat,
635 4355 673 4414 ut
702 4350 795 4416 licuit
824 4347 989 4436 Anxure²)
1024 4351 1057 4414 in
1087 4351 1167 4416 villa
1195 4349 1345 4416 Frontini
1378 4349 1436 4437 (Χ,
1453 4351 1509 4436 58,
1528 4349 1649 4438 5-7).
1709 4350 1919 4418 Scribendum
1953 4352 2055 4438 igitur
2087 4355 2150 4415 est:

400 4459 492 4524 mihi
513 4459 609 4524 datar.

561 4691 589 4758 1)
609 4686 742 4740 Anxure
764 4683 890 4740 Ihontini
909 4684 978 4739 villa
995 4684 1061 4754 luit,
1081 4703 1137 4740 non
1155 4703 1241 4756 prope
1260 4687 1360 4754 Baras,
1380 4689 1485 4741 utnon
1504 4687 1587 4741 modo
1608 4687 1778 4744 Gattraamao
1797 4687 1916 4758 (observ.
1931 4687 1960 4741 in
1979 4687 2060 4745 Mart.
2075 4707 2102 4759 p.
2119 4696 2152 4743 13

402 4781 460 4834 not.
477 4782 502 4848 1)
522 4777 572 4832 aad
591 4775 678 4832 etiam
696 4775 908 4830 Friedlaendero
926 4775 1037 4830 ridetur
1057 4773 1324 4846 (Sittengeschichte
1341 4775 1428 4830 Roma
1442 4776 1508 4844 111⁶,
1523 4783 1588 4832 449:
1608 4777 1783 4848 „Besitaung
1800 4793 1846 4832 am
1860 4777 1928 4832 (1111
1939 4793 1994 4831 von
2013 4776 2152 4847 Neapel¹‘.

404 4865 459 4920 Sed
474 4864 510 4920 cf.
525 4865 578 4933 11⁵,
598 4870 641 4934 97,
660 4867 696 4934 2).
733 4862 809 4918 Dicit
823 4861 960 4918 Martialis
979 4865 1025 4935 X,
1046 4865 1102 4936 58,
1121 4868 1190 4919 la:
1217 4866 1344 4920 Arraarra
1356 4867 1482 4934 aequorei
1495 4867 1635 4936 placidae,
1655 4867 1803 4934 Frontina,
1821 4883 1939 4922 recessus
1957 4865 1995 4921 Et
2009 4868 2154 4936 propias

404 4955 511 5008 Baias
534 4955 707 5022 litoreamque
733 4953 842 5007 «11111111
866 4954 970 5022 (colai).
1018 4951 1055 5006 Ut
1077 4953 1233 5008 thermulac
1257 4953 1380 5009 urbanae
1403 4953 1537 5022 X,13,8,
1564 4955 1605 5008 ita
1632 4954 1679 5008 hic
1702 4955 1748 5024 (cf.
1769 4955 1926 5010 cassiodor.
1947 4954 2010 5009 Var.
2025 4955 2090 5024 XII,
2109 4961 2154 5026 22)

404 5057 530 5097 recessus
549 5040 669 5096 Anxuris
687 5041 819 5111 aequorei
837 5041 968 5096 dicuntur
993 5042 1123 5096 alterae
1142 5042 1261 5110 Baiae,
1287 5043 1346 5098 sed
1372 5043 1515 5114 propius
1534 5043 1667 5098 Romam
1687 5044 1784 5101 attae.
1821 5043 1903 5098 Haud
1922 5043 1980 5098 scio
2000 5061 2037 5098 an
2054 5043 2154 5099 mirum

405 5130 535 5185 rideatur
558 5129 757 5184 adverbium
777 5132 909 5200 propiaa;
938 5131 987 5186 sed
1011 5131 1229 5200 er.111‚ss,s1:
1259 5132 1321 5187 Rus
1338 5133 1388 5188 toa
1413 5135 1506 5189 occari
1530 5133 1604 5188 debet
1629 5151 1668 5188 aa
1690 5135 1803 5190 domas
1829 5133 1944 5205 torpe?
1962 5137 1991 5189 11
2009 5137 2156 5204 praeterea

406 5219 431 5288 1,
442 5227 488 5288 86,
501 5228 542 5276 10.
577 5218 611 5288 Χ,
622 5227 669 5288 50,
680 5225 710 5274 8:
729 5237 822 5289 prope.
855 5219 920 5274 Alia
938 5219 1036 5274 attulit
1054 5219 1179 5290 Draeger
1197 5219 1372 5276 Historische
1391 5221 1496 5292 Syntax
1514 5222 1553 5290 l',
1574 5230 1622 5277 131
1639 5241 1660 5278 s,
