4770 5932
1149 347 1170 417 9

438 562 469 626 9.
493 561 531 636 V,
544 559 598 623 tt:
760 557 856 642 Saepe
878 558 1033 622 salutetis
1054 577 1226 640 nuruquom
1246 557 1335 640 prior
1356 556 1421 639 ipsc
1442 555 1578 622 solutos:

866 664 919 730 Sia
941 667 1003 730 eris
1025 669 1197 748 οοίοννιινι,
1220 663 1290 728 Pon
1303 663 1413 748 diune,
1443 663 1526 729 Vale.

277 775 371 854 Quod
394 773 544 861 plerique
575 771 717 838 editores
742 778 855 838 conta
885 793 997 837 omues
1029 770 1132 836 bonos
1156 770 1258 835 libros
1283 770 1498 857 scripserunt,
1520 771 1565 836 sio
1587 771 1646 836 erit
1668 769 1756 836 mala
1779 770 1964 835 coniectura
1987 773 2040 836 est

280 885 377 950 etiam
396 903 457 947 nos
478 880 614 945 dicimus
634 880 699 966 „du
719 880 786 945 bist
804 880 857 944 fiir
870 879 957 944 mich
976 875 1068 944 adet
1105 875 1167 946 Sed
1186 883 1357 961 aeternum
1376 876 1410 942 id
1430 876 1516 961 quod
1534 876 1600 942 iam
1615 875 1778 942 Heraldus
1796 876 1892 962 vidit,
1910 877 2040 942 coniun-

278 991 419 1076 gendam
447 992 497 1060 cst
528 1008 601 1051 cum
630 987 698 1052 νοίι
726 986 826 1052 verbo
857 987 1008 1071 idemque
1039 985 1204 1070 siguificat
1237 989 1334 1069 atque
1363 985 1398 1048 in
1432 989 1605 1050 ueternum:
1639 985 1677 1050 cf.
1695 983 1795 1070 Verg.
1813 984 1895 1050 Aen.
1912 983 1974 1069 XI,
1997 985 2040 1050 98

280 1104 493 1180 αιίοννιινιριιι
521 1095 596 1160 uate.
642 1091 801 1160 Similiter
831 1094 954 1176 loupum
983 1096 1114 1180 praeter
1143 1092 1231 1157 locos
1255 1091 1288 1156 iu
1311 1089 1433 1156 Klotzii
1464 1090 1569 1156 lexico
1596 1095 1728 1158 notatos
1751 1092 1847 1158 Mart
1861 1091 1921 1172 IX,
1938 1092 2041 1176 18,1:

281 1211 324 1270 est
345 1203 422 1270 miti
444 1204 541 1286 sitque
556 1221 667 1286 precor
690 1201 836 1284 lonpum
860 1202 1058 1286 tepraeudc,
1084 1197 1212 1282 Caesar,
1234 1219 1289 1264 rus
1311 1199 1485 1264 minimum.
1531 1195 1645 1264 Scribo
1668 1198 1783 1284 igitur:

813 1307 866 1374 Sic
888 1308 949 1372 eris
966 1299 1173 1392 ‘Aciemnm’,
1197 1304 1386 1390 Pontiiiane,
1405 1299 1526 1371 ‘Vale’.

446 1418 494 1482 10.
517 1422 553 1492 V,
569 1417 607 1482 ie
658 1413 935 1482 Schneidewinus:
1501 1401 1505 1408 ¹

813 1520 851 1587 Si
874 1522 955 1587 tristi
977 1522 1144 1587 domicenio
1168 1521 1302 1599 latores,

816 1629 948 1715 Torani,
965 1633 1051 1711 potes
1074 1629 1190 1694 esurire
1212 1649 1338 1694 onmem

815 1733 889 1800 Nou
911 1736 1036 1800 deerunt
1059 1735 1125 1819 tibi,
1148 1737 1177 1800 si
1198 1736 1274 1802 soles
1296 1738 1488 1818 προπίνειν,
1596 1773 1599 1782 ·

820 1841 902 1908 Viles
925 1841 1123 1928 Cappadocae
1142 1863 1308 1927 precesque
1326 1844 1425 1926 pomi.

761 1949 791 2013 5.
816 1949 937 2015 Divisis
959 1950 1079 2033 cybium
1102 1949 1205 2014 nean
1227 1951 1303 2036 ouis,

816 2055 953 2122 Ponetur
973 2057 1080 2140 dipiiis
1103 2057 1247 2122 muudus
1269 2059 1348 2124 ustis

816 2163 919 2248 Nipra
940 2163 1084 2229 oolieidns
1105 2165 1208 2230 cirues
1224 2164 1356 2250 pantu,

817 2271 976 2354 Alpentem
999 2272 1087 2336 modo
1109 2273 1163 2355 qni
1184 2271 1309 2356 reliquit
1330 2271 1470 2338 tortum:

814 2377 860 2442 Et
875 2378 994 2460 pultem
1016 2380 1137 2444 nimam
1153 2399 1298 2463 premens
1321 2379 1458 2464 bonitus,

743 2485 792 2550 10.
815 2483 860 2548 Et
875 2485 1000 2568 pollens
1020 2483 1097 2565 saba
1119 2506 1188 2550 mun
1210 2487 1334 2551 rubente
1357 2487 1453 2552 lardo.

283 2591 328 2656 Et
347 2591 395 2657 aia
406 2591 474 2656 iere
494 2591 593 2655 etiam
607 2587 746 2676 Schrev,
761 2590 900 2676 Bipout,
920 2591 1067 2678 Lemair,
1081 2591 1188 2677 wsb,
1208 2591 1387 2658 Scriverius
1403 2597 1511 2658 autem
1531 2614 1595 2658 nou
1610 2591 1715 2657 multo
1730 2591 1846 2658 melius
1861 2597 1895 2658 et
1908 2614 2001 2658 versu
2017 2595 2038 2658 4

284 2702 318 2763 et
340 2720 436 2763 versu
460 2699 480 2762 5
503 2697 598 2761 colon
621 2698 739 2781 posuit.
785 2695 996 2764 Scribendum
1021 2704 1166 2766 osteum
1191 2699 1373 2765 Ramiresio
1397 2698 1445 2788 (id
1468 2705 1519 2766 est
1542 2722 1615 2765 cum
1638 2705 1747 2764 vetere
1771 2695 1936 2785 vulgata):

816 2805 889 2870 Non
912 2807 1038 2872 deerunt
1062 2807 1129 2892 tibi,
1151 2808 1180 2871 si
1201 2807 1277 2874 soles
1299 2809 1524 2892 προπίνειν,

822 2911 903 2976 Viles
927 2910 1125 2996 Cappadocae
1144 2933 1308 2996 ρνονεορνι
1324 2915 1431 2998 pomi,

763 3018 793 3082 5.
816 3015 936 3083 Divisis
958 3019 1079 3103 cytiirm
1102 3019 1205 3085 nutu
1226 3021 1302 3086 uuis.

922 3125 1085 3191 Ponetur
1107 3128 1212 3210 dipiiis
1235 3129 1379 3193 nunnus
1400 3127 1477 3192 ustis

817 3232 921 3315 Nipra
942 3233 1087 3299 oolimdus
1109 3235 1211 3299 virens
1227 3234 1359 3319 ροίοίία,

817 3339 978 3422 Algentem
1000 3340 1088 3404 νιοιίο
1110 3341 1165 3422 qm
1186 3341 1311 3422 retranit
1332 3339 1466 3425 tartum,

817 3447 862 3510 Εί
878 3447 996 3530 pultem
1018 3448 1140 3510 niveam
1156 3467 1299 3529 prnnois
1321 3447 1458 3525 baiadus,

744 3553 793 3618 10.
816 3553 862 3617 Ei
877 3553 1002 3636 pollens
1022 3552 1098 3632 fabo
1120 3571 1189 3617 mern
1212 3553 1333 3618 ridente
1356 3553 1452 3619 lardo.

923 3660 1072 3725 Mensae
1094 3681 1224 3725 munera
1246 3662 1275 3726 si
1296 3661 1375 3726 uoles
1397 3663 1589 3744 secundae,

816 3767 991 3832 Marcentes
1013 3767 1069 3830 tibi
1085 3769 1284 3850 peragentur
1306 3789 1382 3833 ιιναι
1405 3771 1465 3835 etc
1595 3835 1599 3846 ,

285 3874 373 3939 Nam
391 3896 441 3938 vv.
461 3871 557 3936 3-5
576 3873 749 3957 exponitur
767 3873 942 3957 gustatio
963 3869 1181 3958 (προπίνειν),
1203 3897 1253 3938 vv.
1270 3875 1308 3938 11
1326 3897 1368 3940 aa.
1386 3897 1515 3941 mensa
1538 3874 1718 3960 secunda,
1742 3897 1791 3940 vv.
1811 3875 1930 3940 6-10
1952 3875 2037 3961 ipsa

286 4003 390 4066 cena,
414 4001 515 4065 eaque
533 4000 609 4043 uua
626 3979 863 4064 enuntiatione,
882 3981 973 4044 cuius
992 3981 1127 4045 verbum
1142 3985 1304 4063 ponetur
1322 3983 1465 4092 est,hac
1487 3981 1525 4046 de
1543 4005 1578 4048 re
1596 3981 1771 4067 peculiare:
1795 3981 1834 4048 cf.
1850 3981 1896 4068 X,
1909 3983 1966 4068 48,
1983 3985 2037 4066 13,

287 4087 426 4154 Gustus
448 4089 482 4152 in
509 4085 574 4151 iris:
601 4107 667 4151 una
683 4092 846 4170 ponetur
872 4087 1003 4152 cenula
1032 4107 1150 4164 mensa,
1179 4091 1213 4152 et
1240 4088 1287 4152 aic
1309 4089 1448 4173 asapius.
1493 4086 1535 4153 In
1564 4089 1789 4173 gustatione
1818 4090 1903 4156 enim
1931 4091 2035 4175 pisces

288 4195 479 4280 quidam,·ut
497 4191 639 4279 cybium,
657 4193 824 4278 cordylis,
842 4194 968 4278 lacerti,
988 4194 1058 4268 ovis
1078 4193 1176 4259 sectis
1195 4198 1228 4259 et
1246 4196 1320 4258 ruta
1339 4195 1436 4261 cincti
1450 4195 1622 4261 dabantur:
1646 4195 1684 4262 cf.
1698 4195 1758 4281 XI,
1772 4197 1829 4282 52,
1845 4199 1863 4263 7
1878 4220 1934 4264 se:
1956 4197 2036 4264 Mon

286 4307 367 4368 octus
385 4307 414 4365 et
427 4302 511 4364 imni
527 4302 629 4365 maior
646 4302 797 4386 cordyla
817 4302 941 4386 lucerio,
958 4303 1011 4366 sed
1023 4321 1116 4383 quom
1135 4321 1202 4364 cum
1220 4303 1329 4365 rutae
1344 4301 1507 4383 frondibus
1525 4324 1590 4368 ovo
1609 4307 1710 4385 tepent
1803 4304 1891 4370 Haec
1907 4307 1985 4370 satis
2002 4307 2036 4370 in

282 4413 399 4492 gustu.
447 4405 552 4472 Cetera
575 4427 661 4472 nosse
683 4409 790 4491 arpis?
821 4407 935 4494 X,48,
954 4410 1058 4473 llas:
1081 4407 1169 4473 Secia
1190 4409 1537 4475 coronabuntrutatos
1556 4429 1621 4474 osu
1640 4410 1796 4474 lacertos
1898 4410 2037 4476 Gustus

286 4517 321 4578 in
343 4514 406 4592 nm
439 4536 505 4579 uuo
520 4519 653 4597 ponetrn
675 4515 783 4580 cenula
810 4537 927 4599 mensa,
951 4515 1094 4598 Haedus,
1116 4515 1282 4579 inhumani
1304 4521 1412 4600 raptus
1434 4517 1473 4582 ab
1495 4538 1545 4581 ore
1568 4517 1642 4600 lupi.

449 4624 498 4686 11.
522 4621 573 4694 VI,
589 4620 634 4681 60
657 4622 798 4686 nondum
818 4622 1020 4689 intellectum
1040 4626 1091 4686 est
1110 4621 1306 4706 dialogum
1326 4643 1411 4708 esse,
1430 4623 1464 4688 in
1483 4646 1546 4708 quo
1566 4645 1678 4688 versus
1700 4627 1727 4689 1.
1741 4621 1807 4688 25
1825 4621 2035 4688 Martialis:

288 4747 399 4790 versus
422 4729 451 4794 3.
465 4730 495 4794 4.
510 4729 629 4793 o-10
653 4726 831 4794 Faustini
854 4733 943 4794 suut:

816 4835 894 4900 Rem
914 4837 1031 4917 factmn
1053 4834 1235 4919 Ponipullus
1256 4835 1357 4915 tabet,
1379 4836 1547 4902 Parietina:
1575 4837 1687 4920 lepeim·

924 4943 970 5007 Et
991 4963 1100 5006 nomen
1123 4949 1183 5007 tota
1205 4949 1328 5026 sparget
1349 4946 1383 5007 in
1407 4942 1476 5008 arbe
1496 4963 1596 5008 uuum.

817 5049 892 5132 „Sic
915 5050 974 5114 leve
995 5049 1148 5130 Ιῖιινοιννι
1172 5051 1270 5114 uatem
1288 5071 1385 5133 penus
1414 5050 1592 5134 Usiporum,

923 5157 1068 5238 Quisquis
1090 5162 1118 5222 et
1140 5157 1316 5222 Ausonium
1338 5177 1401 5222 uon
1423 5162 1510 5222 anmi
1530 5155 1727 5240 imperium.“

1808 5287 1823 5335 a
