4770 5932
1182 305 1202 381 7

318 517 412 586 Recte
436 543 488 585 me
513 519 627 586 Gertb
651 519 779 586 monuit
802 519 849 586 sic
870 541 941 586 esee
964 519 1182 585 scribendum:

794 645 864 710 Hos
887 643 955 728 tibi,
980 643 1110 728 Phoebe,
1132 650 1216 709 uocet
1238 649 1313 710 totos
1335 667 1355 708 a
1377 645 1486 709 ceiioe
1507 645 1606 710 crines

899 751 1070 836 Ετιεοῑμιε,
1092 753 1212 816 domiui
1233 753 1420 818 centurionis
1441 773 1542 836 amor,

795 859 898 925 Grata
914 859 1035 942 perdens
1057 859 1175 923 donnini
1198 859 1302 923 tulerit
1323 879 1392 923 cum
1408 860 1554 941 praemia
1573 858 1646 942 pili.

901 966 1002 1047 Quam
1018 967 1160 1050 pnmum
1184 967 1303 1050 tenpus,
1326 965 1456 1050 Pboebe,
1478 967 1576 1030 recide
1597 985 1712 1050 coum,

794 1071 882 1138 lnam
904 1073 994 1138 undio
1017 1073 1113 1138 tenui
1133 1074 1258 1139 sordent
1280 1073 1426 1155 tanupine
1448 1073 1545 1138 voltus
1569 1076 1629 1138 etc.

316 1199 401 1266 Nam
434 1203 467 1264 et
499 1222 564 1285 qua
595 1197 779 1264 conditione
811 1197 977 1283 Encolpus
1010 1198 1154 1263 vovisset
1186 1181 1289 1263 onnes
1323 1196 1506 1263 addendum
1538 1203 1607 1262 erat
1640 1201 1673 1261 et
1704 1217 1797 1279 quoni
1823 1200 1966 1280 primurm
1998 1205 2073 1286 post

315 1307 573 1373 enuntiationem
602 1305 817 1388 temporalem
847 1305 994 1389 ineptum
1024 1308 1083 1370 eet.
1129 1304 1218 1370 Idem
1248 1309 1357 1369 autem
1386 1327 1456 1369 esse
1486 1304 1576 1369 Vocet
1598 1325 1668 1369 cunr
1690 1305 1795 1370 ruunt
1817 1310 1915 1390 atque
1938 1312 2022 1372 uocet
2042 1329 2074 1373 se

314 1415 462 1478 daturnrn
484 1433 557 1497 esse,
580 1432 650 1476 curn
673 1411 778 1476 tulerit
799 1433 864 1477 non
888 1416 938 1476 eet
962 1411 1047 1497 quod
1071 1412 1239 1496 explicem.

475 1521 504 1585 3.
528 1521 627 1591 Lea:
660 1517 746 1582 Male
771 1515 1032 1584 Schneidewinus
1064 1541 1136 1584 aum
1160 1517 1318 1584 Scriverio
1350 1521 1383 1583 et
1406 1516 1549 1582 Webero
1579 1522 1656 1602 poet
1678 1541 1707 1584 v.
1729 1519 1770 1584 12
1799 1523 1970 1604 punctum,
1998 1526 2075 1606 post

315 1654 344 1696 v.
369 1631 410 1694 13
434 1626 544 1712 colon,
568 1647 635 1690 non
661 1625 767 1689 multo
790 1626 907 1691 melius
937 1625 1030 1691 Ram.
1051 1624 1180 1692 Schrev.
1204 1625 1275 1709 Bip.
1294 1622 1432 1689 Lemair.
1452 1628 1590 1709 utroque
1614 1647 1709 1691 versu
1732 1633 1888 1712 punctum
1913 1627 2075 1696 exhibent.

315 1735 423 1803 Facile
447 1736 583 1818 apparet
605 1734 696 1817 poet
717 1755 747 1796 v.
768 1732 810 1796 12
833 1732 946 1798 colon
969 1732 1030 1797 vel
1054 1737 1216 1818 comma,
1234 1737 1324 1816 post
1347 1755 1375 1796 v.
1397 1731 1437 1796 13
1461 1735 1643 1815 punctum
1667 1733 1851 1818 ponendum
1875 1756 1954 1799 esse.

475 1857 648 1930 4.11,24:
797 1855 835 1922 Si
857 1858 906 1922 det
928 1859 1039 1940 iniqua
1062 1858 1119 1922 tibi
1141 1859 1259 1923 tristem
1279 1859 1408 1938 tertona
1431 1862 1563 1942 reatum,

722 2025 725 2032 ,
902 1963 1073 2047 Squalidus
1094 1962 1219 2030 haerebo
1236 1965 1446 2049 pallidiorque
1466 1983 1534 2027 reo:

795 2070 833 2136 Si
855 2071 956 2136 iubeat
971 2073 1084 2155 patria
1105 2073 1290 2138 murratum
1313 2073 1450 2136 excedere
1472 2074 1568 2152 tura,

903 2176 965 2243 Per
984 2179 1080 2262 freta,
1097 2200 1156 2262 per
1177 2179 1315 2262 scopulos
1337 2177 1436 2243 emitis
1458 2175 1507 2240 ibo
1529 2197 1633 2241 corum.

741 2287 770 2348 5.
792 2281 861 2348 Dat
883 2285 937 2349 tibi
959 2284 1094 2351 divitias.
1137 2285 1286 2372 „Especid
1306 2290 1380 2351 sunt
1400 2286 1462 2349 ista
1484 2282 1662 2348 duorum?“

902 2391 972 2456 Das
987 2393 1135 2476 partun?
1179 2393 1342 2478 „Multum
1364 2387 1436 2456 est.“
1481 2391 1631 2475 Candide,
1654 2392 1711 2456 das
1732 2391 1874 2474 aliqud?

795 2498 919 2564 Mecum
942 2500 1003 2564 eris
1025 2521 1095 2582 erqo
1117 2501 1227 2565 miser:
1250 2499 1332 2580 quod
1352 2498 1382 2562 si
1403 2497 1475 2562 deus
1497 2518 1548 2562 ore
1570 2518 1673 2562 sereno

903 2606 1074 2690 Annuerit,
1096 2606 1186 2690 felin,
1210 2603 1362 2689 Candide,
1384 2604 1468 2670 solus
1490 2605 1557 2670 eris.

318 2716 407 2782 Bene
436 2712 563 2778 monuit
593 2733 643 2775 me
675 2709 892 2776 Bocbmuuu
923 2733 988 2776 non
1018 2718 1104 2778 recte
1135 2710 1414 2778 Schneidewinum
1445 2711 1536 2776 vab
1559 2711 1635 2776 us
1663 2709 1830 2795 dialogum
1855 2714 2074 2782 constituisse.

318 2821 404 2888 Nam
427 2820 567 2906 primum
591 2818 697 2900 ecquid
717 2817 909 2902 pronomine
927 2815 1087 2885 Martialis
1111 2841 1176 2885 non
1199 2819 1233 2883 in
1256 2817 1513 2904 interrogatione
1536 2817 1697 2882 rhetorica
1719 2817 1837 2903 utitur,
1860 2841 1963 2906 neque
1987 2822 2074 2906 apud

308 2952 393 2995 eum
421 2926 573 3012 negantis
604 2928 668 3008 est,
699 2923 770 2989 eed'
787 2925 951 3009 opinantis
981 2924 1078 3010 idque
1107 2929 1164 2990 aut
1194 2925 1390 3010 suspicantis
1414 2930 1472 2990 aut
1494 2926 1664 3010 sperantis.
1711 2924 1834 2990 Deinde
1856 2927 1913 2992 das
1929 2929 2075 3010 partem?

318 3035 365 3100 sic
388 3033 541 3100 collocari
565 3031 738 3116 oportebat
756 3037 831 3096 ente
849 3033 955 3114 ecquid
971 3038 1043 3097 sunt
1061 3034 1122 3098 ista
1140 3029 1294 3097 duorum?
1329 3031 1476 3118 Denique
1495 3030 1596 3098 etiam
1614 3036 1690 3117 poet
1705 3025 1842 3097 Candide
1858 3034 1916 3098 dns
1933 3035 2074 3118 aliquit?

320 3140 490 3208 abnuentia
525 3138 662 3205 Candidi
699 3160 890 3222 responsum
928 3137 1098 3204 desideres.
1158 3135 1369 3204 Scribendum
1401 3143 1463 3205 eet:

797 3245 865 3310 Dat
887 3247 943 3311 tibi
964 3247 1105 3312 diuitias:
1142 3245 1248 3328 ecquid
1268 3251 1342 3311 sunt
1362 3248 1425 3312 ista
1445 3245 1603 3310 duonum?

798 3351 869 3418 Das
884 3349 1033 3437 partem?
1065 3353 1197 3418 multura
1219 3351 1284 3417 cst?
1317 3351 1468 3438 Candide,
1490 3354 1548 3418 das
1570 3352 1712 3434 aiiprid?

319 3461 503 3529 Abnuentie
533 3457 671 3526 Candidi
700 3481 857 3545 responsa
888 3459 1020 3525 omnino
1051 3481 1116 3524 non
1144 3459 1255 3524 addita
1283 3465 1373 3546 eunt,
1396 3460 1452 3525 sed
1480 3459 1680 3545 cogitatione
1703 3459 1896 3524 assumenda
1919 3465 1976 3525 aut
1998 3467 2075 3546 post

318 3589 581 3654 unamquamque
604 3565 883 3653 percontationem
906 3571 980 3652 aut,
1005 3566 1090 3651 quod
1112 3569 1274 3652 praestat,
1296 3569 1372 3652 post
1394 3565 1493 3632 verba
1510 3571 1633 3649 partem
1657 3570 1690 3630 et
1713 3567 1840 3648 alrbrud.

479 3693 509 3758 5.
532 3693 579 3766 11,
593 3694 642 3754 ⁷1:
803 3689 977 3757 Candidius
998 3691 1079 3756 nibil
1101 3695 1145 3755 cst
1167 3696 1206 3768 te,
1231 3686 1421 3756 Caeciliana·
1443 3693 1561 3777 notari,

904 3797 943 3864 Si
964 3799 1088 3882 urowa
1111 3818 1148 3862 ec
1171 3799 1285 3862 nostris
1306 3798 1437 3864 disticte
1453 3821 1559 3883 pauca
1582 3799 1657 3882 lego,

799 3904 948 3971 Protinus
970 3909 1026 3970 aut
1048 3904 1154 3970 Marsi
1175 3905 1284 3970 redum
1305 3909 1361 3970 aur
1382 3907 1496 3988 sucida
1519 3906 1647 3971 Catulli.

322 4014 374 4080 Ad
394 4011 589 4079 senteutiam
608 4013 759 4078 convenit
776 4012 856 4078 haee
874 4011 1092 4098 interpunctio
1113 4009 1363 4096 Schneidewini,
1381 4011 1568 4097 Ramiresii,
1588 4009 1773 4076 Schrevelii.
1812 4007 1873 4074 Sed
1893 4012 1979 4076 malo
1998 4020 2074 4099 poet

324 4120 496 4188 Caeciliano
521 4121 692 4204 punctum,
722 4124 798 4202 post
824 4121 928 4185 notaui
958 4119 1062 4184 colon.
1106 4116 1214 4184 Minue
1242 4122 1328 4183 recte
1357 4116 1548 4204 Scriverius,
1577 4118 1710 4184 verbum
1733 4118 1838 4181 notaui
1867 4120 2074 4203 parenthesin

325 4228 513 4292 existimans
544 4221 596 4310 (ut
619 4225 745 4312 XI,99.
762 4225 811 4313 1),
841 4231 916 4311 poet
939 4225 1001 4308 upa
1025 4230 1179 4309 punctum
1204 4225 1324 4310 posuit.
1373 4224 1563 4311 Bipontina,
1585 4223 1780 4309 Lemairius,
1802 4222 1923 4290 Weber
1946 4227 1993 4291 sic
2014 4227 2073 4292 hoe

322 4357 435 4400 V0¹⁸¹²⁸
458 4331 626 4399 0Xhib0¹¹i²
804 4349 976 4418 Candidius
997 4349 1079 4415 nibil
1100 4355 1145 4415 est
1167 4355 1207 4435 te,
1230 4349 1420 4415 Concilione:
1449 4352 1563 4415 notaui.

907 4458 945 4524 Si
966 4457 1089 4540 amado
1112 4477 1149 4522 ac
1170 4458 1286 4521 nostris
1308 4455 1438 4521 disticte
1454 4477 1560 4540 perrea
1583 4455 1657 4538 upa,

801 4565 950 4630 Protinus
971 4569 1027 4628 aut
1048 4563 1155 4629 Marsi
1177 4565 1287 4629 recitas
1309 4569 1365 4628 aut
1386 4565 1500 4645 scripto
1523 4561 1648 4628 Catilii.

484 4689 514 4754 6.
537 4689 600 4764 111,
618 4689 676 4766 ⁷0,
691 4690 724 4750 3:
756 4686 841 4752 Male
866 4687 1144 4754 Schneidewinue:

803 4793 868 4859 Cur
890 4797 994 4862 aliena
1009 4796 1113 4878 piacet
1134 4795 1202 4880 tibi,
1224 4815 1301 4877 quae
1324 4801 1390 4878 trra,
1413 4815 1475 4860 non
1492 4793 1596 4877 piacet
1616 4793 1717 4858 uuor?

325 4903 433 4970 Ceteri
453 4909 562 4968 autem
581 4901 721 4967 editores
741 4906 874 4986 excepto
893 4901 1075 4968 Ramireeio
1095 4901 1238 4986 pessima
1257 4903 1441 4967 coniectura
1455 4903 1504 4966 eui
1517 4921 1575 4966 ura
1593 4923 1651 4986 pro
1669 4921 1747 4982 quae
1765 4905 1827 4967 tuo.
1864 4899 2075 4966 Scribendum

326 5016 377 5076 eet
399 5033 472 5077 eum
495 5009 675 5074 Ramireeio
699 5005 746 5094 (id
770 5013 820 5074 est
843 5031 915 5074 cum
938 5012 1047 5073 vetere
1071 5006 1235 5095 vulgata):

540 5115 604 5180 Car
625 5113 728 5180 duna
740 5116 841 5199 placet
863 5117 931 5201 tibi,
954 5137 1032 5199 quae
1054 5121 1109 5180 tua
1131 5137 1194 5182 nou
1210 5117 1324 5201 placet,
1346 5115 1448 5181 uuor?
1480 5112 1547 5201 (vel
1570 5114 1678 5199 potius
1695 5115 1798 5197 puroet
1818 5112 1935 5201 uuor?)
