4770 5932
1073 391 1121 461 15

371 600 402 664 4.
425 603 501 674 vn,
515 599 608 677 lua:
639 600 695 664 bis
721 621 826 667 senos
852 620 911 684 pro
934 599 1127 666 bisdenos
1150 599 1413 667 Schneidewiuus
1438 622 1477 666 ex
1501 601 1687 667 coniectura
1706 601 1833 668 Heinsii
1852 601 1977 688 scribit,

210 708 306 794 quasi
337 709 437 792 poeta
467 707 506 772 de
533 731 633 794 puero
664 709 809 775 nondum
839 706 951 772 adulto
982 707 1144 791 loquatur.
1190 705 1253 772 Sed
1285 709 1397 773 adulta
1427 709 1521 772 illum
1552 713 1661 774 aetate
1690 708 1792 774 fuisse
1818 713 1850 774 et
1873 709 1976 774 totius

211 814 458 902 epigrammatis
478 795 626 883 acumine
645 819 782 902 apparet
800 818 834 881 et
853 836 890 878 eo
909 812 1084 898 adiectivo‚
1107 814 1193 898 quod
1212 839 1240 880 v.
1259 815 1300 879 10
1318 816 1446 901 legitur.
1485 814 1647 880 Videntur
1664 815 1726 880 viri
1746 815 1833 880 docti
1852 837 1976 881 errasse

214 924 346 1006 propter
375 921 529 1008 noudum,
559 945 618 1008 pro
643 945 707 1008 quo
731 926 899 1008 exspectes
928 923 994 986 ium
1018 942 1117 1003 parire
1147 921 1198 986 vel
1222 943 1330 1005 poure.
1377 920 1439 988 Sed
1470 921 1707 1007 lepidissimum
1733 923 1816 987 illud
1839 924 1977 988 uoudiuu

215 1049 284 1093 esse
314 1050 417 1112 eoque
447 1029 532 1116 fieri,
555 1035 592 1095 ut
614 1029 819 1116 insequentia
848 1051 906 1114 per
934 1028 1164 1113 aprosdoceain
1192 1028 1365 1114 addantur,
1392 1029 1487 1096 facile
1515 1029 1701 1115 intelleges,
1728 1029 1756 1093 si
1780 1030 1814 1094 in
1837 1030 1975 1114 legendo

215 1156 243 1198 v.
264 1135 306 1199 10
328 1135 538 1202 intervallum
561 1143 638 1224 post
659 1140 798 1204 noudum
820 1135 928 1202 facies.

374 1297 404 1361 5.
428 1297 709 1375 vm,64,1o‚u:
793 1298 798 1307 '
852 1303 882 1362 et
904 1297 995 1362 talis
1017 1301 1118 1361 tumor
1139 1298 1247 1362 eruut
1262 1297 1415 1382 pupillos,

686 1423 691 1434 ·
855 1404 983 1487 quales
1005 1405 1102 1470 cuda
1125 1406 1191 1470 uiro
1207 1405 1316 1488 pirella
1338 1409 1446 1469 scoot.

214 1543 301 1609 Boni
328 1543 405 1610 libri
432 1551 547 1633 exepto
571 1549 680 1614 codice
703 1548 734 1612 A
753 1569 865 1614 omnes
885 1545 1046 1634 (XBGP)
1064 1547 1188 1614 habent
1210 1547 1342 1630 qualia
1380 1545 1469 1632 Ergo
1489 1545 1694 1611 scribendum
1713 1552 1771 1611 eut
1790 1549 1976 1630 tutis-qualis

217 1653 276 1714 aut
294 1651 495 1735 tales-quulea.
531 1653 603 1720 Hoc
620 1677 736 1722 moneo
760 1677 825 1720 non
844 1677 908 1740 quo
928 1675 979 1718 res
999 1653 1267 1740 orthographicas
1285 1654 1384 1718 nimis
1409 1675 1530 1736 curem,
1554 1653 1610 1718 sed
1630 1653 1707 1738 quia
1725 1655 1819 1720 facile
1839 1662 1975 1741 apparet

218 1754 360 1824 editores
390 1761 462 1825 talis
491 1784 549 1846 pro
580 1763 782 1829 nominativo
810 1761 988 1848 singularis
1015 1761 1169 1826 habuisse
1192 1761 1432 1826 constructione
1456 1764 1514 1825 ant
1537 1759 1635 1826 nimis
1659 1761 1820 1846 implicita
1844 1767 1915 1848 aut,
1938 1769 1975 1828 ut

219 1883 280 1948 ego
303 1865 424 1952 iudico,
447 1869 578 1934 omnino
602 1869 697 1935 falsa.

376 2028 405 2091 6.
429 2028 473 2104 X,
489 2029 544 2090 css
574 2030 613 2095 ln
640 2053 680 2096 eo
707 2030 958 2115 epigrammate,
987 2051 1051 2114 quo
1079 2032 1178 2114 poeta
1201 2051 1235 2094 se
1264 2027 1385 2114 ipsum,
1408 2027 1464 2112 qui
1487 2026 1641 2092 robustus
1665 2033 1699 2094 et
1722 2034 1896 2094 contumax
1921 2031 1974 2116 ait,

215 2153 289 2197 oum
311 2133 444 2200 homine
467 2137 609 2221 quodam
632 2136 724 2202 molli
747 2141 845 2222 atque
869 2136 1055 2202 effeminato
1078 2141 1259 2220 comparat,
1283 2135 1343 2200 hoc
1365 2134 1488 2220 legitur
1511 2134 1705 2201 vv.10.11:

859 2280 901 2346 Os
922 2279 1058 2344 rumim
1080 2279 1136 2344 uti
1158 2278 1321 2361 debitisque
1344 2279 1452 2362 linqua
1470 2284 1525 2363 est,

858 2386 956 2452 Nobis
976 2385 1117 2467 fistula
1138 2385 1251 2465 fortius
1273 2385 1418 2468 loquetur.

217 2524 307 2590 Libri
327 2528 485 2612 praebent
501 2528 601 2610 filia.
636 2529 774 2609 fistula
792 2529 930 2595 coniecit
943 2529 1203 2613 Sclrucrdeurtuue,
1220 2547 1285 2592 non
1305 2527 1408 2591 multo
1423 2526 1540 2592 melius
1559 2529 1633 2593 itia
1648 2529 1762 2609 fortius
1780 2529 1975 2612 loquentur

217 2631 341 2718 Haupt,
365 2633 417 2699 cui
440 2655 592 2701 assensus
617 2641 668 2700 est
690 2637 912 2702 Friedtueuder
935 2633 1286 2722 (Acad.Alb.Regim.
1308 2632 1467 2720 187811),
1513 2633 1653 2720 Utrique
1676 2636 1876 2701 coniecturae
1901 2656 1973 2700 cum

219 2739 299 2824 alia,
321 2744 391 2806 tum
414 2741 560 2807 futurum
585 2743 721 2825 loquetur
744 2743 867 2828 obstat,
889 2764 948 2829 pro
975 2765 1039 2828 qno
1065 2742 1113 2807 sio
1138 2742 1280 2823 loquutur
1305 2762 1376 2805 cnm
1394 2739 1531 2806 Heinsio
1557 2741 1609 2806 vel
1632 2743 1742 2827 potius
1762 2741 1973 2808 indicativum

119 2867 121 2874 ’
220 2847 399 2930 praesentis
417 2849 622 2914 scribendum
642 2854 731 2935 puto.
775 2850 849 2934 Ego
868 2871 934 2916 non
952 2850 1062 2935 vide0‚
1082 2849 1159 2934 quid
1177 2848 1213 2912 in
1231 2846 1388 2912 librorum
1407 2847 1546 2914 lectione
1564 2848 1826 2933 reprehendatur.
1862 2848 1973 2914 Etiam

223 2953 349 3018 caelebs
372 2960 468 3040 poeta
497 2955 601 3022 dicere
629 2961 752 3042 potest:
789 2957 865 3022 Meu
890 2957 936 3022 vel
962 2956 1044 3040 filio,
1072 2957 1101 3020 si
1127 2977 1221 3038 quum
1243 2975 1339 3020 uxore
1360 2957 1452 3020 ductu
1471 2977 1615 3039 potuero,
1638 2977 1825 3040 quamquam
1846 2957 1973 3041 semina,

220 3063 322 3124 tumen
353 3061 549 3142 aliquantum
580 3065 739 3146 firmiustts
771 3070 800 3128 et
828 3063 946 3129 roboris
969 3065 1074 3146 patris
1104 3083 1242 3146 seruans,
1271 3062 1399 3143 tutiore
1428 3083 1496 3128 voce
1527 3063 1664 3145 loquetur
1694 3084 1789 3146 quum
1821 3067 1854 3126 tu
1885 3061 1973 3156 toruo

219 3165 426 3232 cultissimus,

381 3329 409 3393 t.
438 3334 611 3410 x1,ee,5;
643 3328 796 3396 Meliores
829 3331 905 3396 libri
939 3351 1050 3396 omnes
1084 3324 1280 3416 (TPXAO)
1313 3329 1470 3414 nimias,
1502 3329 1641 3394 editores
1670 3351 1782 3394 omnes
1810 3329 1973 3412 Minyas.

221 3431 398 3499 Koestliuus
427 3436 566 3502 coniecit
595 3439 743 3503 rutulos.
792 3438 1014 3502 Fricdloeudcr
1042 3435 1158 3525 (Acad.
1181 3435 1257 3501 Alb.
1275 3435 1401 3518 Regim.
1428 3437 1511 3502 1878
1531 3433 1592 3521 ΙΙ);
1631 3435 1813 3521 „Equidem
1843 3438 1974 3520 Minyas

220 3539 292 3626 (pro
311 3540 483 3628 Minyeios)
503 3543 686 3609 Martialem
712 3545 879 3630 scripsisse
894 3544 1090 3630 putaverim,
1108 3544 1165 3609 sed
1179 3543 1393 3629 ambiguitate
1409 3543 1481 3608 soni
1496 3542 1674 3628 ludentem,
1693 3548 1731 3608 ut
1744 3544 1843 3610 etiam
1858 3545 1974 3610 minius

218 3646 369 3733 intellegi
398 3648 538 3734 posset.“
590 3651 690 3716 Recte
722 3653 824 3718 sensit
853 3653 904 3717 vir
936 3673 1081 3717 autumus
1112 3651 1242 3734 Minyas
1271 3649 1528 3734 substantivum,
1557 3649 1634 3736 quia
1664 3651 1881 3735 accusativus,
1907 3672 1975 3716 non

218 3754 441 3820 nominativus
470 3759 532 3840 est,
559 3755 614 3820 liic
640 3779 774 3842 prorsus
802 3759 949 3843 ineptum
968 3779 1048 3824 esse.
1094 3755 1156 3823 Sed
1176 3780 1234 3844 pro
1254 3756 1413 3822 adiectivo
1432 3757 1592 3836 Minyeias
1609 3757 1753 3842 potuisse
1772 3755 1825 3822 hic
1843 3757 1974 3841 Minyas

219 3861 284 3924 dici
305 3883 409 3947 neque
438 3861 673 3928 demonstravit
695 3887 812 3950 neque,
835 3865 868 3930 ni
891 3864 1001 3950 fallor,
1029 3867 1137 3951 potuit
1165 3865 1396 3930 demonstrare.
1447 3864 1564 3928 minius
1587 3867 1696 3929 autem
1720 3864 1818 3929 nimis
1841 3864 1972 3930 foedum

222 3971 277 4033 est
324 3967 396 4056 Ego
415 3991 481 4035 non
500 3969 603 4055 video,
628 3992 685 4036 our
707 3971 864 4037 librorum
886 3970 984 4038 lectio
1007 3972 1145 4036 niurias
1167 3969 1348 4056 displiceat.

293 4185 298 4196 .
380 4132 409 4196 8.
432 4130 511 4200 ΧΠ,
526 4131 576 4206 26,
592 4132 610 4193 7
638 4133 724 4198 mele
743 4129 1005 4198 Schneidewinus
1020 4153 1092 4196 cum
1111 4130 1216 4196 bhsw
1234 4134 1347 4196 contra
1362 4130 1507 4196 omnium
1521 4130 1679 4197 bonorum
1697 4130 1855 4196 librorum
1873 4131 1971 4198 fidem

222 4237 353 4322 scripsit
376 4237 589 4321 obrumpere
615 4239 782 4324 (seruum),
809 4238 943 4305 verbum
967 4237 1105 4303 omnino*
1122 4259 1187 4303 non
1210 4242 1350 4303 exstans.
1395 4237 1495 4303 Recte
1518 4237 1619 4324 igitur
1642 4236 1788 4302 codicum
1811 4239 1970 4304 bonorum

221 4343 393 4410 lectionem
415 4345 631 4435 abrumpere
653 4346 818 4412 revocavit
840 4347 984 4429 Zingerle
1006 4343 1170 4432 (Martials
1195 4343 1408 4410 Oridstudien
1430 4368 1461 4430 p.
1480 4342 1547 4431 35).

379 4505 409 4570 9.
431 4505 518 4582 XIV,
532 4506 587 4566 112
609 4507 729 4572 lemma
757 4507 902 4573 nimbus
930 4509 1070 4572 vitreus
1100 4505 1239 4570 mutavit
1262 4502 1524 4571 Schneidewinus
1548 4505 1582 4568 in
1605 4505 1710 4570 altera
1732 4502 1875 4570 editione
1897 4527 1970 4571 oum

222 4607 356 4678 Heinsio
379 4615 413 4679 in
435 4615 580 4680 uiuidus
601 4617 727 4680 viteus.
772 4613 835 4680 Sed
859 4619 896 4679 ut
918 4613 953 4678 in
975 4613 1122 4678 versibus
1144 4611 1207 4677 hoc
1226 4611 1330 4696 possit
1353 4610 1429 4696 dici,
1448 4611 1588 4676 artifices
1607 4610 1696 4697 ipsos
1714 4632 1793 4676 vase
1812 4613 1970 4697 quaedam

222 4717 372 4785 vinaria
404 4723 485 4785 oxites
507 4721 692 4786 nominasse
720 4743 786 4786 non
813 4725 924 4806 potest
946 4719 1042 4786 credi.
1087 4719 1175 4786 Bene
1198 4741 1232 4784 se
1255 4717 1355 4783 habet
1376 4720 1531 4803 vitreus,
1554 4717 1714 4804 siquidem
1737 4718 1877 4784 vitreum
1900 4724 1971 4784 erat

220 4845 277 4890 raa
299 4825 397 4913 illud,
420 4827 505 4912 qnod
527 4829 649 4894 nimbus
672 4827 848 4893 dicebatur.

379 4987 491 5053 Etiam
508 4988 551 5059 X,
573 4987 621 5062 88,
638 4988 657 5048 9
675 4989 797 5054 nollem
813 4987 1091 5054 Schneidewinum
1110 4987 1143 5052 in
1163 4985 1266 5051 altera
1284 4985 1425 5051 editione
1440 5006 1478 5050 ex
1494 4984 1636 5051 editione
1650 4983 1797 5050 Romana
1811 4985 1970 5072 recepisse

220 5094 313 5176 quin
336 5099 369 5158 tu
390 5095 561 5180 stipticus
583 5115 684 5161 susem
704 5093 852 5178 suteris?
882 5116 941 5180 pro
966 5093 1029 5160 Via
1052 5099 1085 5158 tu
1106 5094 1277 5176 simplicius
1294 5112 1394 5158 seuuu
1415 5091 1556 5174 fateri?
1592 5090 1676 5157 Nam
1696 5091 1853 5158 librorum
1871 5093 1969 5158 lectio

221 5201 307 5268 bona
329 5207 393 5289 eat,
416 5205 503 5288 quod
525 5209 635 5270 autem
658 5204 759 5270 editio
783 5203 930 5269 Romana
951 5201 1064 5286 babet,
1086 5222 1176 5266 mera
1199 5199 1382 5266 coniectura
1404 5202 1525 5267 fiotum.
